@Book{sparkbook2012,
   author =        {J. Barnes},
   title =         {{SPARK: The Proven Approach to High Integrity Software}},
   isbn          = {9780957290501},
   publisher     = {Altran Praxis},
   year          = {2012}
}

@InCollection{oneill2012,
  author = 	 {I. O'Neill},
  booktitle = 	 {Industrial Use of Formal Methods: Formal Verification},
  title = 	 {{SPARK} -- A Language and Tool-Set for High-Integrity Software Development},
  isbn =         {9781848213630},
  publisher = 	 {Wiley},
  year = 	 {2012}
}

@ARTICLE{ada2012rationale,
   author =        {J. Barnes},
   title =         {{Ada 2012 Rationale}},
   publisher     = {AdaCore},
   year          = {2012}
}

@inproceedings{hilt2012,
  author    = {Johannes Kanig and
               Edmond Schonberg and
               Claire Dross},
  title     = {{Hi-Lite}: the Convergence of Compiler Technology and Program
               Verification},
  booktitle = {HILT},
  year      = {2012},
  pages     = {27-34},
  ee        = {http://doi.acm.org/10.1145/2402676.2402690},
  crossref  = {DBLP:conf/sigada/2012},
  bibsource = {DBLP, http://dblp.uni-trier.de}
}

@standard{do178c,
  author = {RTCA},
  organization = {Radio Technical Commission for Aeronautics (RTCA)},
  title = {{DO-178C}: Software Considerations in Airborne Systems and Equipment
        Certification},
  year = 2011
}

@article{ieeesoftware2013,
  author = {Yannick Moy and Emmanuel Ledinot and Hervé Delseny and Virginie Wiels and Benjamin Monate},
  title = {Testing or Formal Verification: {DO­178C} Alternatives and Industrial Experience},
  journal = {{IEEE} Software special issue on Safety­Critical Software Systems},
  month = may,
  year = 2013
}
