@article{guidance,
  author = {AdaCore and Thales},
  title = {Implementation Guidance for the Adoption of {SPARK}},
  year = 2017
}

@article{IEEESoftware,
  author = {Claire Dross and Guillaume Foliard and Lionel Matias and Stuart Matthews and Jean-Marc Mota and Yannick Moy and Romain Soulat},
  title = {Practical Formal Verification for Reliable Software},
  journal = {Submitted for publication in the special issue of IEEE Software on Reliability Engineering for Software},
  year = 2017
}

@inproceedings{bitvectors,
  author = {Clément Fumex and Claire Dross and Jens Gerlach and Claude Marché},
  title = {Specification and Proof of High-Level Functional Properties of Bit-Level Programs},
  booktitle = {Proceedings of the 8th NASA Formal Methods Symposium, NFM 2016},
}

@article{redblacktrees,
  author = {Claire Dross and Yannick Moy},
  title = {Auto-Active Proof of Red-Black Trees in {SPARK}},
  journal = {Accepted at the 9th NASA Formal Methods Symposium, NFM 2017},
}
