@techreport{Paskevich09RR,
  author = {Andrei Paskevich},
  title = {Algebraic types and pattern matching in the logical language of the {WHY} verification platform},
  note = {\url{http://hal.inria.fr/docs/00/43/92/32/PDF/RR-7128.pdf}},
  year = 2009,
  month = nov,
  type = {Research Report},
  number = 7128,
}
