@misc{RTCA:DO-178,
	author = {{RTCA DO-178}},
        publisher = {RTCA and EUROCAE},
	title = {Software Considerations in Airborne Systems and Equipment},
	year = {2011}
}
@misc{RTCA:DO-333,
	author = {{RTCA DO-333}},
        publisher = {RTCA and EUROCAE},
	title = {Formal Methods Supplement to DO-178C and DO-278A},
	year = {2011}
}
@misc{Hi-Lite:URL,
	howpublished = {\url http://www.open-do.org/projects/hi-lite/},
	title = {AdaCore {Hi-Lite} Project}
}
@misc{Ada:URL,
	howpublished = {\url http://www.ada-auth.org/standards/ada12.html},
	title = {{Ada} Reference Manual}
}
@misc{Gnatprove:URL,
	howpublished = {\url http://www.open-do.org/projects/hi-lite/gnatprove/},
	title = {AdaCore {Gnatprove} Tool}
}
@article{Leroy:09,
	author = {Xavier Leroy},
	journal = {Communications of the ACM},
	number = {7},
	pages = {107--115},
	title = {Formal Verification of a Realistic Compiler},
	volume = {52},
	year = {2009}
}
@misc{Sireum:URL,
	howpublished = {\url http://www.sireum.org},
	title = {{Sireum} Software Analysis Platform}
}
@misc{Jago:URL,
	howpublished = {\url https://github.com/sireum/bakar/tree/master/sireum-bakar-jago},
	title = {{Jago} Translation Tool}
}
@misc{Formalization:URL,
	howpublished = {\url https://github.com/sireum/bakar/tree/master/sireum-bakar-formalization},
	title = {Source Code for {SPARK} 2014 Language Subset Formalization}
}
@misc{Marsh:Book94,
	author = {William Marsh},
	title = {Formal Semantics of {SPARK} - Static Semantics},
        month = {Oct},
	year = {1994}
}
@misc{Neil:Book94,
	author = {Ian O'Neill},
	title = {Formal Semantics of {SPARK} - Dynamic Semantics},
        month = {Oct},
	year = {1994}
}