@inproceedings{Holzman-Smith:ICSE99,
	author = {Gerard J. Holzmann and Margaret H. Smith},
	booktitle = {Proceedings of the 21st international conference on Software engineering},
	pages = {597--607},
	publisher = {IEEE Computer Society Press},
	title = {A Practical Method for Verifying Event-Driven Software},
	year = {1999},
	blametag = {Susheel}
}
@book{Hartley:Book98,
	author = {Stephen J. Hartley},
	publisher = {Oxford University Press},
	title = {Concurrent Programming - The {Java} Programming Language},
	year = {1998},
	blametag = {Susheel}
}
@article{Wing:LARCH87,
	author = {Jeannette M. Wing},
	journal = {ACM Transactions on Programming Languages and Systems ({TOPLAS})},
	number = {1},
	pages = {1--24},
	title = {Writing Larch Interface Language Specifications},
	volume = {9},
	year = {1987},
	blametag = {Susheel}
}
@inproceedings{Hatcliff-al:VMCAI04,
	author = {John Hatcliff and Robby and Matthew Dwyer},
	booktitle = {Proceedings of the 5th International Conference on Verification, Model Checking, and Abstract Interpretation ({VMCAI})},
	editor = {Bernhard Steffen and Giorgio Levi},
	pages = {175--190},
	publisher = {Springer},
	series = {Lecture Notes in Computer Science},
	title = {Verifying Atomicity Specifications for Concurrent Object Oriented Software Using Model Checking},
	volume = {2937},
	year = {2004},
	blametag = {Susheel}
}
@techreport{Mueller-al:MODULAR03,
	author = {Peter M\"{u}ller and Arnd Poetzsch-Heffter and Gary T. Leavens},
	institution = {{{ETH} Z\"{u}rich}},
	month = {Oct},
	number = {424},
	title = {Modular Invariants for Object Structures},
	year = {2003},
	blametag = {Susheel}
}
@techreport{Raghavan-Leavens:TR2003,
	author = {Arun D. Raghavan and Gary T. Leavens},
	institution = {Iowa State University, Department of Computer Science},
	month = {Jul},
	number = {00-03d},
	title = {Desugaring {JML} Method Specifications},
	year = {2003},
	blametag = {Susheel}
}
@inproceedings{Ball-Rajamani:CAV01,
	author = {Thomas Ball and Sriram K. Rajamani},
	booktitle = {Proceedings of the 13th International Conference on Computer Aided Verification},
	pages = {260--264},
	publisher = {Springer-Verlag},
	title = {The {SLAM} Toolkit},
	year = {2001},
	blametag = {Susheel}
}
@inproceedings{Hoskote-al:DAC99,
	author = {Yatin Hoskote and Timothy Kam and Pei-Hsin Ho and Xudong Zhao},
	booktitle = {Proceedings of the 36th ACM/IEEE Design automation conference ({DAC})},
	pages = {300--305},
	publisher = {ACM Press},
	title = {Coverage Estimation for Symbolic Model Checking},
	year = {1999},
	blametag = {Susheel}
}
@inproceedings{Musuvathi-Engler:NSDI04,
	author = {Madanlal Musuvathi and Dawson R. Engler},
	booktitle = {Proceedings of The First Symposium on Networked Systems Design and Implementation ({NSDAI})},
	pages = {155--168},
	publisher = {{USENIX} Association},
	title = {Model Checking Large Network Protocol Implementations},
	year = {2004},
	blametag = {Susheel}
}
@inproceedings{Engler-Musuvathi:VMCAI04,
	author = {Dawson R. Engler and Madanlal Musuvathi},
	booktitle = {Proceedings of the 5th International Conference on Verification, Model Checking, and Abstract Interpretation ({VMCAI})},
	editor = {Bernhard Steffen and Giorgio Levi},
	pages = {191--210},
	publisher = {Springer},
	series = {Lecture Notes in Computer Science},
	title = {Static Analysis versus Software Model Checking for Bug Finding},
	volume = {2937},
	year = {2004},
	blametag = {Susheel}
}
@inproceedings{Penix-al:ICSE2000,
	author = {John Penix and Willem Visser and Eric Engstrom and Aaron Larson and Nicholas Weininger},
	booktitle = {Proceedings of the 22nd international conference on Software engineering ({SE})},
	pages = {488--497},
	publisher = {ACM Press},
	title = {Verification of time partitioning in the {DEOS} scheduler kernel},
	year = {2000},
	blametag = {Susheel}
}
@inproceedings{Souter-al:SIGPLAN99,
	author = {Amie L. Souter and Lori L. Pollock and Dixie Hisley},
	booktitle = {Proceedings of the ACM {SIGPLAN-SIGSOFT} workshop on Program analysis for software tools and engineering ({PAFSTAE})},
	pages = {47--56},
	publisher = {ACM Press},
	title = {Inter-class def-use analysis with partial class representations},
	year = {1999},
	blametag = {Susheel}
}
@inproceedings{Kupferman-Vardi:VDTMC99,
	author = {O. Kupferman and Moshe Y. Vardi},
	booktitle = {Proceedings of the 10th Advanced Research Working Conference on Correct Hardware Design and Verification Methods ({CHDAVM})},
	pages = {82-96},
	publisher = {Springer-Verlag},
	series = {Lecture Notes in Computer Science},
	title = {Vacuity detection in temporal model checking},
	volume = {1703},
	year = {1999},
	blametag = {Susheel}
}
@inproceedings{Callahan-al:ASTMC96,
	author = {J. Callahan and F. Schneider and S. Easterbrook},
	booktitle = {Proceedings of the {SPIN} Workshop},
	month = {aug},
	note = {Also WVU Technical Report NASA-IVV-96-022},
	title = {Automated software testing using modelchecking},
	year = {1996},
	blametag = {Susheel}
}
@article{Zhu-al:SUTCA97,
	author = {H. Zhu and  P. Hall and J. May},
	journal = {{ACM} Computing Surveys},
	month = {Dec},
	number = {4},
	pages = {366--427},
	title = {Software Unit Test Coverage and Adequacy},
	volume = {29},
	year = {1997},
	blametag = {Susheel}
}
@book{Binder:BOOK99,
	author = {Robert V. Binder},
	publisher = {Addison-Wesley Longman Publishing Co., Inc.},
	title = {Testing object-oriented systems: models, patterns, and tools},
	year = {1999},
	blametag = {Susheel}
}
@inproceedings{Chockler-al:PACMC01,
	author = {H. Chockler and O. Kupferman and Robert P. Kurshan and Moshe Y. Vardi},
	booktitle = {Proceedings of the 13th  International Conference on Computer Aided Verification ({CAV})},
	pages = {66-78},
	publisher = {Springer-Verlag},
	series = {Lecture Notes in Computer Science},
	title = {A Practical Approach to Coverage in Model Checking},
	volume = {2102},
	year = {2001},
	blametag = {Susheel}
}
@book{Godefroid-al:BOOK96,
	author = {Patrice Godefroid and J. van Leeuwen and J. Hartmanis and G. Goos and Pierre Wolper},
	publisher = {Springer-Verlag New York, Inc.},
	title = {Partial-Order Methods for the Verification of Concurrent Systems: An Approach to the State-Explosion Problem},
	year = {1996},
	blametag = {Susheel}
}
@inproceedings{Clarke-al:PSEPMC01,
	author = {Edmund Clarke and Orna Grumberg and Somesh Jha and Yuan Lu and Helmut Veith},
	booktitle = {Dagstuhl 10-th Anniversary: Informatics 1-10 Years Back and 10 Years Ahead},
	pages = {176--194},
	series = {Lecture Notes in Computer Science},
	title = {Progress on the State Explosion Problem in Model Checking},
	volume = {2000},
	year = {2001},
	blametag = {Susheel}
}
@inproceedings{Robby-al:TACAS2004,
	author = {Robby and Edwin Rodr\'{i}guez and Matthew Dwyer and John Hatcliff},
	booktitle = {Proceedings of the 10th International Conference on Tools and Algorithms for the Construction and Analysis of Systems ({TACAS})},
	editor = {Kurt Jensen and Andreas Podelski},
	pages = {404--420},
	publisher = {Springer},
	series = {Lecture Notes in Computer Science},
	title = {Checking Strong Specifications Using an Extensible Software Model Checking Framework},
	volume = {2988},
	year = {2004},
	blametag = {Susheel}
}
@inproceedings{Bacon-Sweeney:OOPSLA96,
	author = {David F.Bacon and Peter F.Sweeney},
	booktitle = {Proceedings {OOPSLA'96}, {ACM SIGPLAN} Notices},
	month = {Oct},
	number = {10},
	pages = {324-341},
	title = {Fast static analysis of {C++} virtual function calls},
	volume = {31},
	year = {1996},
	blametag = {Susheel}
}
@book{Abramsky-Hakin:BOOK87,
	author = {S. Abramsky and C. Hankin},
	publisher = {Ellis Horwood Limited},
	title = {Abstract Interpretation of Declarative Languages},
	year = {1987},
	blametag = {Susheel}
}
@book{Andrews:BOOK91,
	author = {Gregory R. Andrews},
	publisher = {Addison-Wesley},
	title = {Concurrent Programming: Principles and Practice},
	year = {1991},
	blametag = {Susheel}
}
@book{Andrews:BOOK00,
	author = {Gregory R. Andrews},
	publisher = {Addison-Wesley},
	title = {Foundations of Multithreaded, Parallel, and Distributed Programming},
	year = {2000},
	blametag = {Susheel}
}
@inproceedings{Ball-Horwitz:93,
	author = {T. Ball and S. Horwitz},
	booktitle = {Proceedings of the First International Workshop on Automated and Algorithmic Debugging ({AAD})},
	editor = {P. Fritzson},
	publisher = {Springer},
	series = {Lecture Notes in Computer Science},
	title = {Slicing programs with arbitrary control-flow},
	volume = {749},
	year = {1993},
	blametag = {Susheel}
}
@inproceedings{Brat-Visser:ASE01,
	author = {G. Brat and W. Visser},
	booktitle = {Proceedings of the 16th IEEE Conference on Automated Software Engineering ({ASE})},
	month = {Nov},
	title = {Combining Static Analysis and Model Checking for Software Analysis},
	year = {2001},
	blametag = {Susheel}
}
@inproceedings{Visser-al:ASE00,
	author = {Willem Visser and Klaus Havelund and Guillaume Brat and SeungJoon Park},
	booktitle = {Proceedings of the 15th IEEE Conference on Automated Software Engineering ({ASE})},
	month = {Sep},
	title = {Model Checking Programs},
	year = {2000},
	blametag = {Susheel}
}
@inproceedings{Cattel:SPIN95,
	author = {T. Cattel},
	booktitle = {Proceedings of the First {SPIN} Workshop},
	month = {oct},
	title = {Process Control Design Using {SPIN}},
	year = {1995},
	blametag = {Susheel}
}
@inproceedings{Chang-Richardson:ISS94,
	author = {Juei Chang and Debra J. Richardson},
	booktitle = {Proceedings of the Fourth Irvine Software Symposium ({ISS})},
	month = {apr},
	title = {Static and Dynamic Specification Slicing},
	year = {1994},
	blametag = {Susheel}
}
@inproceedings{Cimatti-al:SPIN97,
	author = {A. Cimatti and F. Giunchiglia and G. Mongardi and F. Torielli and P. Traverso},
	booktitle = {Proceedings of the Third {SPIN} Workshop},
	month = {apr},
	title = {Model Checking Safety Critical Software with {SPIN}: an Application to a Railway Interlocking System},
	year = {1997},
	blametag = {Susheel}
}
@inproceedings{Cimitile-al:ICSM95,
	author = {A. Cimitile and A. De Lucia and M. Munro},
	address = {Washington},
	booktitle = {Proceedings of the International Conference on Software Maintenance},
	editor = {Gianluigi Caldiera and Keith Bennett},
	month = {oct},
	pages = {124--133},
	publisher = {IEEE Computer Society Press},
	title = {Identifying Reusable Functions Using Specification Driven Program Slicing: A Case Study},
	year = {1995},
	blametag = {Susheel}
}
@article{Clarke-al:TOPLAS94,
	author = {Edmund M. Clarke and Orna Grumberg and David E. Long},
	journal = {{ACM} Transactions on Programming Languages and Systems},
	month = {sep},
	number = {5},
	pages = {1512-1542},
	title = {Model Checking and Abstraction},
	volume = {16},
	year = {1994},
	blametag = {Susheel}
}
@book{Clarke-al:BOOK00,
	author = {Edmund Clarke and Orna Grumberg and Doron Peled},
	month = {jan},
	publisher = {MIT Press},
	title = {Model Checking},
	year = {2000},
	blametag = {Susheel}
}
@book{Appel:BOOK97,
	author = {Andrew W. Appel},
	publisher = {Cambridge University Press},
	title = {Modern Compiler Implementation in {Java}},
	year = {1997},
	blametag = {Susheel}
}
@article{Colby-Lee:Bigre91,
	author = {Chris Colby and Peter Lee},
	journal = {{Bigre} Journal},
	pages = {82-89},
	title = {An implementation of parameterized partial evaluation},
	volume = {74},
	year = {1991},
	blametag = {Susheel}
}
@inproceedings{Corbett-al:SPIN00,
	author = {James C. Corbett and Matthew B. Dwyer and John Hatcliff and Robby},
	booktitle = {Proceedings of the {SPIN} Software Model Checking Workshop ({SSMCW})},
	month = {aug},
	series = {Lecture Notes in Computer Science},
	title = {A Language Framework For Expressing Checkable Properties of Dynamic Software},
	volume = {1885},
	year = {2000},
	blametag = {Susheel}
}
@article{Corbett-al:STTT02,
	author = {James C. Corbett and Matthew B. Dwyer and John Hatcliff and Robby},
	journal = {International Journal on Software Tools for Technology Transfer ({STFTT})},
	title = {Expressing Checkable Properties of Dynamic Systems: The Bandera Specification Language},
	year = {2002},
	blametag = {Susheel}
}
@article{Corbett:TSE96,
	author = {James C. Corbett},
	journal = {{IEEE} Transactions on Software Engineering ({SE})},
	month = {mar},
	number = {3},
	title = {Evaluating Deadlock Detection Methods for Concurrent Software},
	volume = {22},
	year = {1996},
	blametag = {Susheel}
}
@inproceedings{Corbett:ISSTA98,
	author = {James C. Corbett},
	booktitle = {Proceedings of the 1998 International Symposium on Software Testing and Analysis (ISSTA)},
	editor = {Michal Young},
	month = {Mar},
	publisher = {ACM Press},
	title = {Constructing Compact Models of Concurrent Java Programs},
	year = {1998},
	blametag = {Susheel}
}
@inproceedings{Cousot-Cousot:POPL77,
	author = {P. Cousot and R. Cousot},
	booktitle = {Conference Record of the Fourth Annual ACM Symposium on Principles of Programming Languages},
	pages = {238--252},
	title = {Abstract Interpretation: A Unified Lattice Model for Static Analysis of Programs by Construction or Approximation of Fixpoints},
	year = {1977},
	blametag = {Susheel}
}
@article{Dams-al:TOPLAS97,
	author = {Dennis Dams and Rob Gerth and Orna Grumberg},
	journal = {Proceedings of the {ACM} Transactions on Programming Languages and Systems ({TOPLAS})},
	month = {mar},
	number = {2},
	pages = {253--291},
	title = {Abstract Interpretation of Reactive Systems},
	volume = {19},
	year = {1997},
	blametag = {Susheel}
}
@inproceedings{Dwyer-Hatcliff:PEPM99,
	author = {Matthew B. Dwyer and John Hatcliff},
	booktitle = {Proceedings of the {ACM} Workshop on Partial Evaluation and Program Manipulation ({PEPM}'99)},
	editor = {Olivier Danvy},
	month = {jan},
	note = {{BRICS} Notes Series NS-99-1},
	title = {Slicing Software for Model Construction},
	year = {1999},
	blametag = {Susheel}
}
@article{Hatcliff-al:HOSC00,
	author = {John Hatcliff and Matthew B. Dwyer and Hongjun Zheng},
	journal = {Higher-order and Symbolic Computation},
	number = {4},
	title = {Slicing Software for Model Construction},
	volume = {13},
	year = {2000},
	blametag = {Susheel}
}
@article{Dwyer-al:ERCIM99,
	author = {Matthew B. Dwyer and John Hatcliff and David Schmidt},
	journal = {{ERCIM} News},
	month = {jan},
	title = {{Bandera:} Tools for Automated Reasoning about Software System Behaviour},
	volume = {36},
	year = {1999},
	blametag = {Susheel}
}
@article{Dwyer-al:SOPE98,
	author = {Matthew B. Dwyer and John Hatcliff and Muhammad Nanda},
	journal = {{ACM} Computing Surveys},
	month = {sep},
	number = {3es},
	title = {Using Partial Evaluation to Enable Verification of Concurrent Software},
	volume = {30},
	year = {1998},
	blametag = {Susheel}
}
@inproceedings{Dwyer-al:FMSP98,
	author = {Matthew B. Dwyer and George S. Avrunin and James C. Corbett},
	booktitle = {Proceedings of the Second Workshop on Formal Methods in Software Practice ({FMISP})},
	editor = {Mark Ardis},
	month = {mar},
	pages = {7--15},
	title = {Property Specification Patterns for Finite-state Verification},
	year = {1998},
	blametag = {Susheel}
}
@article{Dwyer-Clarke:FSE94,
	author = {Matthew B. Dwyer and Lori A. Clarke},
	journal = {Software Engineering Notes},
	month = {dec},
	note = {Proceedings of the Second {ACM} {SIGSOFT} Symposium on Foundations of Software Engineering},
	number = {5},
	pages = {62-75},
	title = {Data Flow Analysis for Verifying Properties of Concurrent Programs},
	volume = {19},
	year = {1994},
	blametag = {Susheel}
}
@inproceedings{Dwyer-al:FSE97,
	author = {Matthew B. Dwyer and Vicki Carr and Laura Hines},
	booktitle = {Lecture Notes in Computer Science 1301},
	month = {sep},
	organization = {Proceedings of the 6th European Software Engineering Conference held jointly with the 5th {ACM SIGSOFT} Symposium on the Foundations of Software Engineering},
	pages = {244--261},
	title = {Model Checking Graphical User Interfaces Using Abstractions},
	year = {1997},
	blametag = {Susheel}
}
@inproceedings{Dwyer:ASE97,
	author = {Matthew B. Dwyer},
	booktitle = {Proceedings of the 12th International Conference on Automated Software Engineering ({ASE})},
	month = {nov},
	title = {Modular Flow Analysis for Concurrent Software},
	year = {1997},
	blametag = {Susheel}
}
@inproceedings{Lilius-Paltor:ASE99,
	author = {Johan Lilius and Ivan Porres Paltor},
	booktitle = {Proceedings of the 14th {IEEE} International Conference on Automated Software Engineering},
	title = {{vUML}: A Tool for Verifying {UML} Models},
	year = {1999},
	blametag = {Susheel}
}
@article{Latella-al:1999,
	author = {Diego Latella and Istvan Majzik and Mieke Massink},
	journal = {Formal Aspects of Computing},
	number = {6},
	pages = {637--664},
	title = {Automatic Verification of a Behavioural Subset of {UML} Statechart Diagrams Using the {SPIN} Model-checker},
	volume = {11},
	year = {1999},
	blametag = {Susheel}
}
@inproceedings{Dwyer-Pasareanu:FSE98,
	author = {Matthew B. Dwyer and Corina S. P\u{a}s\u{a}reanu},
	booktitle = {Proceedings of the Sixth {ACM} {SIGSOFT} Symposium on Foundations of Software Engineering},
	month = {nov},
	title = {Filter-based Model Checking of Partial Systems},
	year = {1998},
	blametag = {Susheel}
}
@inproceedings{Dwyer-Wallentine:PDPTA97,
	author = {Matthew B. Dwyer and Virgil Wallentine},
	booktitle = {Proceedings the International Conference on Parallel and Distributed Processing Techniques and Applications (PDPTA'97)},
	month = {jun},
	title = {Object-Oriented Coordination Abstractions for Parallel Software},
	year = {1997},
	blametag = {Susheel}
}
@inproceedings{Dwyer-Pasareanu:GPS98,
	author = {Matthew B. Dwyer and Corina S. P\u{a}s\u{a}reanu},
	booktitle = {Generic Programming},
	month = {may},
	series = {Lecture Notes in Computer Science},
	title = {Model Checking Generic Container Implementations},
	volume = {1766},
	year = {1998},
	blametag = {Susheel}
}
@techreport{Dwyer-al:TR98-12,
	author = {Matthew B. Dwyer and Corina S. P\u{a}s\u{a}reanu and James C. Corbett},
	institution = {Kansas State University, Department of Computing and Information Sciences},
	number = {98-12},
	title = {Translating {Ada} Programs for Model Checking : A Tutorial},
	year = {1998},
	blametag = {Susheel}
}
@inproceedings{Dwyer-al:ICSE99,
	author = {Matthew B. Dwyer and George S. Avrunin and James C. Corbett},
	booktitle = {Proceedings of the 21st International Conference on Software Engineering ({SE})},
	month = {may},
	title = {Patterns in Property Specifications for Finite-state Verification},
	year = {1999},
	blametag = {Susheel}
}
@inproceedings{Pasareanu-al:TACAS01,
	author = {Corina S. P\u{a}s\u{a}reanu and Matthew B. Dwyer and Willem Visser},
	booktitle = {Proceedings of the 7th International Conference on Tools and Algorithms for the Construction and Analysis of Systems},
	month = {apr},
	title = {Finding Feasible Counter-examples when Model Checking Abstracted {Java} Programs},
	year = {2001},
	blametag = {Susheel}
}
@inproceedings{Dwyer-al:TRIAda96,
	author = {Matthew B. Dwyer and Matthew J. Craig and  E. Runquist},
	booktitle = {Proceedings of the {TRI-Ada} Conference},
	month = {dec},
	title = {An Application-Independent Concurrency Skeleton in {Ada-95}},
	year = {1996},
	blametag = {Susheel}
}
@article{Dwyer-Wallentine:CPE97,
	author = {Matthew B. Dwyer and Virgil Wallentine},
	journal = {Concurrency : Practice and Experience},
	month = {nov},
	number = {11},
	pages = {1293--1310},
	title = {A Framework for Parallel Adaptive Grid Simulations},
	volume = {9},
	year = {1997},
	blametag = {Susheel}
}
@techreport{Dwyer-al:TR99-7,
	author = {Matthew B. Dwyer and James C. Corbett and John Hatcliff and Stefan Sokolowski and Hongjun Zheng},
	institution = {Kansas State University, Department of Computing and Information Sciences},
	month = {mar},
	number = {99-7},
	title = {Slicing Multi-threaded Java Programs : A Case Study},
	year = {1999},
	blametag = {Susheel}
}

@inproceedings{Belt-al:FSE09,
 author = {Jason Belt and Robby and Xianghua Deng},
 title = {{Sireum/Topi LDP}: A lightweight semi-decision procedure for optimizing symbolic execution-based analyses},
 booktitle = {Proceedings of the ACM SIGSOFT Symposium on the Foundations of Software Engineering (ESEC/FSE)},
 year = {2009},
 location = {Amsterdam, The Netherlands},
 pages = {355--364},
 numpages = {10},
} 

@inproceedings{Belt-al:NASAFM11,
  author = {Jason Belt and John Hatcliff and Robby and Patrice Chalin and David Hardin and Xianghua Deng},
  booktitle = {NASA Formal Methods},
  pages = {58-72},
  publisher = {Springer},
  series = {Lecture Notes in Computer Science},
  title = {Bakar Kiasan: Flexible Contract Checking for Critical Systems Using Symbolic Execution.},
  url = {http://dblp.uni-trier.de/db/conf/nfm/nfm2011.html#BeltHRCHD11},
  volume = 6617,
  year = 2011,
}

@inproceedings{Flanagan-Qadeer:PLDI03,
	author = {Cormac Flanagan and Shaz Qadeer},
	booktitle = {Proceedings of the {ACM SIGPLAN} conference on Programming Language Design and Implementation ({PLDI})},
	pages = {338--349},
	publisher = {ACM Press},
	title = {A Type and Effect System for Atomicity},
	year = {2003},
	blametag = {Susheel}
}
@misc{Leavens-al:JMLRM02,
	author = {Gary T. Leavens and Erik Poll and Curtis Clifton and Yoonsik Cheon and Clyde Ruby},
	month = {Aug},
	note = {Department of Computer Science, Iowa State University. Available from \url|http://www.jmlspecs.org|},
	title = {{JML} Reference Manual},
	year = {2002},
	blametag = {Susheel}
}
@techreport{Leavens-al:TR2002,
	author = {Gary T. Leavens and Albert L. Baker and Clyde Ruby},
	institution = {Iowa State University, Department of Computer Science},
	month = {Dec},
	note = {\url|http:// www.jmlspecs.org|},
	number = {98-06t},
	title = {Preliminary Design of {JML}: A Behavioral Interface Specification Language for Java},
	year = {2002},
	blametag = {Susheel}
}
@misc{SpEx:URL,
	author = {Robby and Edwin Rodr\'{i}guez and Matthew B. Dwyer and John Hatcliff},
	howpublished = {\url|http:// spex.projects.cis.ksu.edu|},
	title = {{SpEx} Website},
	year = {2003},
	blametag = {Susheel}
}
@inproceedings{Godefroid:POPL97,
	author = {Patrice Godefroid},
	booktitle = {Proceedings of the 24th ACM Symposium on Principles of Programming Languages (POPL'97)},
	month = {jan},
	pages = {174--186},
	title = {Model-checking for Programming Languages using VeriSoft},
	year = {1997},
	blametag = {Susheel}
}
@inproceedings{Yahav:POPL01,
	author = {Eran Yahav},
	booktitle = {Proceedings of the 28th ACM Symposium on Principles of Programming Languages (POPL'01)},
	month = {jan},
	pages = {27--40},
	title = {Verifying Safety Properties of Concurrent Java Programs Using 3-valued Logic},
	year = {2001},
	blametag = {Susheel}
}
@inproceedings{Gomard-Jones:IFIP89,
	author = {Carsten K. Gomard and Neil D. Jones},
	booktitle = {Proceedings of the IFIP 11th World Computer Congress on Information Processing},
	editor = {G. X. Ritter},
	organization = {IFIP},
	pages = {1139-1144},
	publisher = {North-Holland},
	title = {Compiler Generation by Partial Evaluation},
	year = {1989},
	blametag = {Susheel}
}
@phdthesis{Grove:PhD98,
	author = {David Paul Grove},
	school = {University of Washington},
	title = {Effective Interprocedural Optimization of Object-oriented Languages},
	year = {1998},
	blametag = {Susheel}
}
@article{Harel-Kurshan:COSPAN90,
	author = {Z. Har{'El} and Robert. P. Kurshan},
	journal = {AT\&amp;T Technical Journal},
	number = {1},
	pages = {44--59},
	title = {Software for Analytical Devleopment of Communication Protocols},
	volume = {69},
	year = {1990},
	blametag = {Susheel}
}
@inproceedings{Hatcliff:PE98,
	author = {John Hatcliff},
	address = {Copenhagen, Denmark},
	booktitle = {Proceedings of the {DIKU} International Summer School on Partial Evaluation},
	editor = {John Hatcliff and Peter Thiemann and Torben Mogensen},
	month = {Jun},
	series = {Tutorials in Computer Science},
	title = {An Introduction to Partial Evaluation Using a Simple Flowchart Language},
	year = {1998},
	blametag = {Susheel}
}
@inproceedings{Hatcliff-al:PLILP98,
	author = {John Hatcliff and Matthew B. Dwyer and Shawn Laubach},
	booktitle = {Lecture Notes in Computer Science 1490},
	month = {sep},
	organization = {Principles of Declarative Programming 10th International Symposium, PLILP'98},
	title = {Staging Static Analysis Using Abstraction-based Program Specialization},
	year = {1998},
	blametag = {Susheel}
}
@techreport{Hatcliff-al:TR98-4,
	author = {John Hatcliff and Matthew B. Dwyer and Shawn Laubach and Nanda Muhammad},
	institution = {Kansas State University, Department of Computing and Information Sciences},
	number = {98-4},
	title = {Specializing Configurable Systems for Finite-state Verification},
	year = {1998},
	blametag = {Susheel}
}
@inproceedings{Heimdahl-Whalen:FSE97,
	author = {Mats P. E. Heimdahl and Michael W. Whalen},
	booktitle = {Proceedings of the Sixth European Software Engineering Conference (ESEC/FSE 97)},
	editor = {M. Jazayeri and H. Schauer},
	month = {sep},
	organization = {Lecture Notes in Computer Science Nr. 1013},
	pages = {450--467},
	publisher = {Springer--Verlag},
	title = {Reduction and Slicing of Hierarchical State Machines},
	year = {1997},
	blametag = {Susheel}
}
@book{Holzmann:BOOK91,
	author = {Gerard J. Holzmann},
	publisher = {Prentice-Hall International},
	title = {Design and Validation of Computer Protocols},
	year = {1991},
	blametag = {Susheel}
}
@article{Holzmann:TSE97,
	author = {Gerard J. Holzmann},
	journal = {{IEEE} Transactions on Software Engineering ({TOSE})},
	month = {may},
	number = {5},
	pages = {279--294},
	title = {The Model Checker {SPIN}},
	volume = {23},
	year = {1997},
	blametag = {Susheel}
}
@inproceedings{Holzmann:SPIN97,
	author = {Gerard J. Holzmann},
	booktitle = {Proceedings of Third International {SPIN} Workshop},
	month = {apr},
	title = {State Compression in {SPIN}: Recursive Indexing and Compression Training Runs},
	year = {1997},
	blametag = {Susheel}
}
@book{Huth-Ryan:BOOK99,
	author = {M. Huth and M. Ryan},
	note = {To appear},
	publisher = {Cambridge University Press},
	title = {Logic in Computer Science: Modelling and Reasoning about Systems},
	year = {1999},
	blametag = {Susheel}
}
@inproceedings{Iosif:SPIN02,
	author = {R. Iosif},
	booktitle = {Proceedings of Ninth International {SPIN} Workshop},
	month = {apr},
	pages = {22--41},
	publisher = {Springer-Verlag},
	series = {Lecture Notes in Computer Science},
	title = {Symmetry Reduction Criteria for Software Model Checking},
	volume = {2318},
	year = {2002},
	blametag = {Susheel}
}
@book{Jones-al:BOOK93,
	author = {Jones, Neil D. Jones and Gomard, Carsten K. and Peter Sestoft},
	publisher = {Prentice-Hall International},
	title = {Partial Evaluation and Automatic Program Generation},
	year = {1993},
	blametag = {Susheel}
}
@incollection{Jones:LLC93,
	author = {Neil D. Jones},
	booktitle = {Logic, Language and Computation, a Festschrift in honor of Satoru Takasu},
	editor = {Masahiko Sato Neil D. Jones, Masami Hagiya},
	month = {apr},
	pages = {206--224},
	publisher = {Springer-Verlag},
	title = {The Essence of Program Transformation by Partial Evaluation and Driving},
	year = {1994},
	blametag = {Susheel}
}
@phdthesis{Khoo:PhD92,
	author = {Siau Cheng Khoo},
	month = {jun},
	school = {Yale University},
	title = {Parameterized partial evaluation: theory and practice},
	year = {1992},
	blametag = {Susheel}
}
@book{Lea:BOOK00,
	author = {Doug Lea},
	publisher = {Addison-Wesley},
	title = {Concurrent Programming in {Java:} Second Edition},
	year = {2000},
	blametag = {Susheel}
}
@article{Loiseaux-al:FMSD95,
	author = {C. Loiseaux and S. Graf and J. Sifakis and A. Bouajiani and S. Bensalem},
	journal = {Formal Methods in System Design},
	number = {1},
	pages = {11--44},
	title = {Property Preserving Abstractions for the Verification of Concurrent Systems},
	volume = {6},
	year = {1995},
	blametag = {Susheel}
}
@book{Manna-Pnueli:BOOK91,
	author = {Z. Manna and A. Pnueli},
	publisher = {Springer-Verlag},
	title = {The Temporal Logic of Reactive and Concurrent Systems: Specification},
	year = {1991},
	blametag = {Susheel}
}
@techreport{Manna-Pnueli:ToolsRules90,
	author = {Z. Manna and A. Pnueli},
	institution = {Stanford University},
	month = {jul},
	note = {appeared in {\em Carnegie Mellon Computer Science: A 25 year Commemorative}, ACM Press, 1990},
	number = {STAN-CS-90-1321},
	title = {Tools and Rules for the Practicing Verifier},
	year = {1990},
	blametag = {Susheel}
}
@book{McMillan:BOOK93,
	author = {K. L. McMillan},
	publisher = {Kluwer Academic Publishers},
	title = {Symbolic Model Checking},
	year = {1993},
	blametag = {Susheel}
}
@book{Milner:BOOK89,
	author = {Robin Milner},
	publisher = {Prentice Hall},
	title = {Communication and Concurrecy},
	year = {1989},
	blametag = {Susheel}
}
@book{Muchnick:BOOK97,
	author = {Steven Muchnick},
	publisher = {Morgan Kaufmann Publishers},
	title = {Advanced Compiler Design and Implementation},
	year = {1997},
	blametag = {Susheel}
}
@inproceedings{Naumovich:FSE96,
	author = {Gleb N. Naumovich and Lori A. Clarke and Leon J. Osterweil},
	booktitle = {Proceedings of the {ACM} {SIGSOFT} Symposium on the Foundations of Software Engineering},
	month = {oct},
	title = {Verification of Communication Protocols Using Data Flow Analysis},
	year = {1996},
	blametag = {Susheel}
}
@inproceedings{Ball-Rajamani:SPIN00,
	author = {T. Ball and S. Rajamani},
	booktitle = {Proceedings of Seventh International {SPIN} Workshop},
	editor = {K. Havelund},
	pages = {113--130},
	publisher = {Springer-Verlag},
	series = {Lecture Notes in Computer Science},
	title = {{Bebop}: a symbolic model-checker for boolean programs},
	volume = {1885},
	year = {2000},
	blametag = {Susheel}
}
@article{Choi-Ferrante:TOPLAS94,
	author = {Jong Deok Choi and Jeanne Ferrante},
	journal = {ACM Transactions on Programming Languages and Systems},
	title = {Static slicing in the presence of {GOTO} statements},
	year = {1994},
	blametag = {Susheel}
}
@inproceedings{Park-al:APATV00,
	author = {David Y.W. Park and Ulrich Stern and Jens U. Skakkebaek and and David L. Dill},
	booktitle = {Proceedings of the First International Workshop on Automated Program Analysis, Testing and Verification ({APATAV})},
	month = {jun},
	title = {{Java} Model Checking},
	year = {2000},
	blametag = {Susheel}
}
@inproceedings{Reps-Turnidge:DAGSTUHL96,
	author = {T. Reps and T. Turnidge},
	booktitle = {Partial Evaluation. Dagstuhl Castle, Germany},
	editor = {O. Danvy and R. Gl\"{u}ck and P. Thiemann},
	month = {Feb},
	pages = {409--429},
	publisher = {Berlin:\ Springer-Verlag},
	series = {Lecture Notes in Computer Science},
	title = {Program Specialization via Program Slicing},
	volume = {1110},
	year = {1996},
	blametag = {Susheel}
}
@article{Horwitz-al:TOPLAS90,
	author = {Susan Horwitz and Thomas Reps and David Binkley},
	journal = {{ACM} Transactions on Programming Languages and Systems ({TOPLAS})},
	month = {jan},
	number = {1},
	pages = {26--60},
	title = {Interprocedural Slicing Using Dependence Graphs},
	volume = {12},
	year = {1990},
	blametag = {Susheel}
}
@article{Podgurski-Clarke:TSE90,
	author = {A. Podgurski and L. Clarke},
	journal = {{IEEE} Transactions on Software Engineering},
	number = {9},
	pages = {965--979},
	title = {A Formal Model of Program Dependences and Its Implications for Software Testing, Debugging, and Maintenance},
	volume = {16},
	year = {1990},
	blametag = {Susheel}
}
@article{Schmidt:LASC98,
	author = {David A. Schmidt},
	journal = {Lisp and Symbolic Computation},
	note = {(in press)},
	title = {Trace-based Abstract Interpretation of Operational Semantics},
	blametag = {Susheel}
}
@inproceedings{Sloan-Holdsworth:ISSTA96,
	author = {Anthony M. Sloane and Jason Holdsworth},
	address = {New York},
	booktitle = {Proceedings of the International Symposium on Software Testing and analysis (ISSTA)},
	editor = {Steven J. Zeil},
	month = {jan},
	pages = {180--186},
	publisher = {ACM Press},
	title = {Beyond traditional program slicing},
	year = {1996}
}
@inproceedings{Schmidt-Steffen:SAS98,
	author = {David Schmidt and Bernhard Steffen},
	booktitle = {Proceedings of the 5th International Static Analysis Symposium (SAS)},
	editor = {Giorgio Levi},
	pages = {351--380},
	publisher = {Berlin:\ Springer-Verlag},
	series = {Lecture Notes in Computer Science},
	title = {Program Analysis as Model Checking of Abstract Interpretations},
	volume = {1503},
	year = {1998},
	blametag = {Susheel}
}
@inproceedings{Soerensen-Glueck:LP95,
	author = {Morten H. S{\o}rensen and Robert Gl\"{u}ck},
	booktitle = {Logic Programming: Proceedings of the International Symposium},
	editor = {John Lloyd},
	pages = {465-479},
	publisher = {MIT Press},
	title = {An Algorithm of Generalization in Positive Supercompilation},
	year = {1995},
	blametag = {Susheel}
}
@article{Tip:SURVEY95,
	author = {Frank Tip},
	journal = {Journal of programming languages},
	note = {Surveys the state-of-the-art in program slicing and gives many references to the literature},
	pages = {121--189},
	title = {A survey of program slicing techniques},
	volume = {3},
	year = {1995},
	blametag = {Susheel}
}
@book{Venners:BOOK98,
	author = {Bill Venners},
	publisher = {McGraw-Hill},
	title = {Inside the {Java} Virtual Machine},
	year = {1998},
	blametag = {Susheel}
}
@article{Wing-Vaziri-Farahani:FSE95,
	author = {Jeannette M. Wing and M. Vaziri-Farahani},
	journal = {Software Engineering Notes},
	month = {oct},
	note = {Proceedings of the Third {ACM} {SIGSOFT} Symposium on the Foundations of Software Engineering},
	number = {4},
	pages = {128--139},
	title = {Model Checking Software Systems: A Case Study},
	volume = {20},
	year = {1995},
	blametag = {Susheel}
}
@inproceedings{Wolper:POPL86,
	author = {P. Wolper},
	address = {St. Petersburg, Florida},
	booktitle = {Proceedings of the 13th {ACM} Symposium on Principles of Programming Languages ({SOPOPL})},
	month = {jan},
	pages = {184-193},
	title = {Specifying Interesting Properties of Programs in Propositional Temporal Logics},
	year = {1986},
	blametag = {Susheel}
}
@book{Zima-Chapman:BOOK91,
	author = {H. Zima and B. Chapman},
	publisher = {ACM Press},
	title = {Supercompilers for Parallel and Vector Computers},
	year = {1991},
	blametag = {Susheel}
}
@inproceedings{Huch:ICFP99,
	author = {Frank Huch},
	booktitle = {Proceedings of the Fourth {ACM} {SIGPLAN} International Conference on Functional Programming (ICFP)},
	month = {sep},
	pages = {261--272},
	title = {Verification of Erlang Programs using Abstract Interpretation and Model Checking},
	year = {1999},
	blametag = {Susheel}
}
@inproceedings{Iosif-Sisto:APATV00,
	author = {Radu Iosif and Riccardo Sisto},
	booktitle = {Proceedings of the First International Workshop on Automated Program Analysis Testing and Verification ({APATAV})},
	month = {jun},
	note = {(Held in conjunction with the 2000 Internation Conference on Software Engineering)},
	title = {On the Specification and Semantics of Source Level Properties in {Java}},
	year = {2000},
	blametag = {Susheel}
}
@article{Demartini-al:SPE99,
	author = {C. Demartini and R. Iosif and R. Sisto},
	journal = {Software - Practice and Experience},
	month = {jul},
	number = {7},
	pages = {577--603},
	title = {A Deadlock Detection Tool for Concurrent {Java} Programs},
	volume = {29},
	year = {1999},
	blametag = {Susheel}
}
@article{Havelund-Pressburger:STTT99,
	author = {K. Havelund and T. Pressburger},
	journal = {International Journal on Software Tools for Technology Transfer},
	title = {Model Checking {Java} Programs Using {Java} PathFinder},
	year = {1999},
	blametag = {Susheel}
}
@article{Cimatti-al:STTT00,
	author = {A. Cimatti and E. Clarke and F. Giunchiglia and M. Roveri},
	journal = {International Journal on Software Tools for Technology Transfer},
	number = {4},
	pages = {410--425},
	title = {{NuSMV} : a new symbolic model checker},
	volume = {2},
	year = {2000},
	blametag = {Susheel}
}

@misc{Jackson-Passmore:DraftJournal09,
	author = {Paul Jackson and Grant Passmore},
	title = {Proving {SPARK} Verification Conditions with {SMT} Solvers},
        note = {Draft journal article. \url{http://homepages.inf.ed.ac.uk/pbj/papers/vct-dec09-draft.pdf}},
	year = {2009},
	blametag = {John}
}


@article{Jackson-Damon:TSE96,
	author = {D. Jackson and C. A. Damon},
	journal = {{IEEE} Transactions on Software Engineering},
	month = {jul},
	number = {7},
	pages = {484--495},
	title = {Elements of Style: Analyzing a Software Design Feature with a Counterexample Detector},
	volume = {22},
	year = {1996},
	blametag = {Susheel}
}
@inproceedings{Dill-al:ICCD92,
	author = {David L. Dill and Andreas J. Drexler and Alan J. Hu and C. Han Yang},
	booktitle = {{IEEE} International Conference on Computer Design},
	month = {Oct},
	title = {Protocol Verification as a Hardware Design Aid},
	year = {1992},
	blametag = {Susheel}
}
@inproceedings{Valle-Rai-al:CASCON99,
	author = {Raja Valle-Rai and Laurie Hendren and Vijay Sundaresan and Patrick Lam and Etienne Gagnon and Phong Co},
	booktitle = {Proceedings of {CASCON}},
	month = {nov},
	title = {{Soot} - a {Java} Optimization Framework},
	year = {1999},
	blametag = {Susheel}
}
@inproceedings{Holzmann:SPIN99,
	author = {Gerard J. Holzmann},
	booktitle = {Theoretical and Applied Aspects of {SPIN} Model Checking (Lecture Notes in Computer Science 1680)},
	month = {sep},
	title = {Engineering a Model Checker : The {Gnu} i-protocol Case Study Revisited},
	year = {1999},
	blametag = {Susheel}
}
@inproceedings{Pasareanu-al:SPIN99,
	author = {Corina S. P\u{a}s\u{a}reanu and Matthew B. Dwyer and Michael Huth},
	booktitle = {Theoretical and Applied Aspects of {SPIN} Model Checking (Lecture Notes in Computer Science 16 80)},
	month = {sep},
	title = {Assume-Guarantee Model Checking of Software : A Comparative Case Study},
	year = {1999},
	blametag = {Susheel}
}
@inproceedings{Holzmann-Smith:PSTV99,
	author = {Gerard J. Holzmann and Margaret H. Smith},
	booktitle = {Proceedings of {FORTE/PSTV}},
	month = {nov},
	title = {Software Model Checking : Extracting Verification Models from Source Code},
	year = {1999},
	blametag = {Susheel}
}
@inproceedings{Smith-al:ISRE01,
	author = {Margaret H. Smith and Gerard J. Holzmann and Kousha Etessami},
	booktitle = {Proceedings of the 5th International Symposium on Requirements Engineering},
	month = {aug},
	title = {Events and Constraints: a graphical editor for capturing logic properties of programs},
	year = {2001},
	blametag = {Susheel}
}
@inproceedings{Holzmann:SPIN00,
	author = {G. Holzmann},
	booktitle = {Proceedings of Seventh International {SPIN} Workshop},
	editor = {K. Havelund},
	pages = {131--147},
	publisher = {Springer-Verlag},
	series = {Lecture Notes in Computer Science},
	title = {Logic Verification of {ANSI-C} Code with {SPIN}},
	volume = {1885},
	year = {2000},
	blametag = {Susheel}
}
@inproceedings{Dong-al:TACAS99,
	author = {Yifei Dong and Xiaoqun Du and Y.S. Ramakrishna and C.R. Ramakrishnan and I.V. Ramakrishnan and Scott A. Smolka and Oleg Sokolsky and Eugene W. Stark and David S. Warren},
	booktitle = {Proceedings of Tools and Algorithms for the Construction and Analysis of Systems (TACAS)},
	month = {mar},
	title = {Fighting Livelock in the {i-Protocol}: A Comparative Study of Verification Tools},
	year = {1999},
	blametag = {Susheel}
}
@inproceedings{Dong-Ramakrishnan:PSTV99,
	author = {Yifei Dong and C. R. Ramakrishnan},
	booktitle = {Proceedings of {FORTE/PSTV}},
	month = {nov},
	title = {An Optimizing Compiler for Efficient Model Checking},
	year = {1999},
	blametag = {Susheel}
}
@inproceedings{Corbett-al:ICSE00,
	author = {James C. Corbett and Matthew B. Dwyer and John Hatcliff and Shawn Laubach and Corina S. P\u{a}s\u{a}reanu and Robby and Hongjun Zheng},
	booktitle = {Proceedings of the 22nd International Conference on Software Engineering},
	month = {jun},
	title = {{Bandera} : Extracting Finite-state Models from {Java} Source Code},
	year = {2000},
	blametag = {Susheel}
}
@inproceedings{Penix-al:ICSE00,
	author = {John Penix and Willem Visser and Eric Engstrom and Aaron Larson and Nichloas Weininger},
	booktitle = {Proceedings of the 22nd International Conference on Software Engineering},
	month = {jun},
	title = {Verification of Time Partitioning in the {DEOS} Scheduler Kernel},
	year = {2000},
	blametag = {Susheel}
}
@inproceedings{Corbett-al:ICSEDEMO00,
	author = {James C. Corbett and Matthew B. Dwyer and John Hatcliff and Robby},
	booktitle = {Proceedings of the 22nd International Conference on Software E ngineering},
	month = {jun},
	title = {{Bandera} : A Source-level Interface for Model Checking Java Programs},
	year = {2000},
	blametag = {Susheel}
}
@inproceedings{Havelund-al:SPIN97,
	author = {Klaus Havelund and Michael Lowry and John Penix},
	booktitle = {Proceedings of the 4th International {SPIN} Workshop},
	month = {nov},
	title = {Formal Analysis of a Space Craft Controller using {SPIN}},
	year = {1997},
	blametag = {Susheel}
}
@inproceedings{Owre-al:CADE92,
	author = {S. Owre and J. M. Rushby and N. Shankar},
	booktitle = {Proceedings of the 11th International Conference on Automated Deduction (Lecture Notes in Computer Science 607)},
	title = {{PVS}: A Prototype Verification System},
	year = {1992},
	blametag = {Susheel}
}
@article{Cleaveland-al:STTT97,
	author = {W. Rance Cleaveland and Tiziana Margaria and Bernhard Steffen},
	journal = {International Journal on Software Tools for Technology Transfer},
	month = {dec},
	number = {1+2},
	pages = {1--5},
	title = {Editorial},
	volume = {1},
	year = {1997},
	blametag = {Susheel}
}
@article{Avrunin-al:STTT00,
	author = {George S. Avrunin and James C. Corbett and and Matthew B. Dwyer},
	journal = {International Journal on Software Tools for Technology Transfer},
	month = {apr},
	number = {4},
	pages = {317--320},
	title = {Benchmarking Finite-state Verifiers},
	volume = {2},
	year = {2000},
	blametag = {Susheel}
}
@article{Avrunin-al:TSE91,
	author = {George S. Avrunin and Ugo A. Buy and James C. Corbett and Laura K. Dillon and Jack C. Wileden},
	journal = {{IEEE} Transactions on Software Engineering},
	month = {nov},
	number = {11},
	pages = {1204--1222},
	title = {Automated Analysis of Concurrent Systems with the Constrained Expression Toolset},
	volume = {17},
	year = {1991},
	blametag = {Susheel}
}
@book{Warmer-Kleppe:BOOK98,
	author = {Jos Warmer and Anneke Kleppe},
	publisher = {Addison-Wesley},
	title = {The Object Constraint Language: Precise Modeling with {UML}},
	year = {1998},
	blametag = {Susheel}
}
@misc{Jackson:Alloy99,
	author = {Daniel Jackson},
	title = {{Alloy}: A Lightweight Object Modelling Notation},
	blametag = {Susheel}
}
@book{Foster:BOOK95,
	author = {I. Foster},
	address = {Reading, MA},
	publisher = {Addison-Wesley},
	title = {Designing and Building Parallel Programs},
	year = {1995},
	blametag = {Susheel}
}
@book{Gries:BOOK81,
	author = {David Gries},
	address = {New York},
	publisher = {Springer-Verlag},
	title = {The Science of programming},
	year = {1981},
	blametag = {Susheel}
}
@inproceedings{Blanchet:OOPSLA99,
	author = {Bruno Blanchet},
	address = {Denver, CO},
	booktitle = {{ACM} Conference on Object-Oriented Systems, Languages and Applications},
	month = {oct},
	pages = {20--34},
	publisher = {ACM Press},
	series = {ACM SIGPLAN Notices},
	title = {Escape Analysis for Object Oriented Languages Application to {Java}},
	volume = {34(10)},
	year = {1999},
	blametag = {Susheel}
}
@inproceedings{Whaley-Rinard:OOPSLA99,
	author = {John Whaley and Martin Rinard},
	address = {Denver, CO},
	booktitle = {{ACM} Conference on Object-Oriented Systems, Languages and Applications},
	month = {oct},
	pages = {187--206},
	publisher = {ACM Press},
	series = {ACM SIGPLAN Notices},
	title = {Compositional Pointer and Escape Analysis for {Java}Programs},
	volume = {34(10)},
	year = {1999},
	blametag = {Susheel}
}
@inproceedings{Kramer:TOOLS98,
	author = {Reto Kramer},
	booktitle = {Proceedings of Technology of Object-Oriented Languages and Systems, TOOLS-USA},
	publisher = {{IEEE} Press},
	title = {{iContract}---The {Java} Design by Contract Tool},
	year = {1998},
	blametag = {Susheel}
}
@misc{Dwyer-al:patterns-web-site98,
	author = {Matthew B. Dwyer and George S. Avrunin and James C. Corbett},
	howpublished = {\url|http://www.cis.ksu.edu/santos/spec-patterns|},
	title = {A System of Specification Patterns},
	year = {1998},
	blametag = {Susheel}
}
@techreport{Ball-Rajamani:TR2000-14,
	author = {Thomas Bal and Sriram K. Rajamani},
	institution = {Microsoft Research},
	number = {2000-14},
	title = {{Boolean Programs} : A Model and Process for Software Analysis},
	year = {2000},
	blametag = {Susheel}
}
@article{Browne-al:GTV95,
	author = {I. Anca Browne and Z. Manna and Henny B. Sipma},
	journal = {Lecture Notes in Computer Science},
	title = {Generalized Temporal Verification Diagrams},
	volume = {1026},
	year = {1995},
	blametag = {Susheel}
}
@article{Dillon-al:TOSEM94,
	author = {Laura K. Dillon and G. Kutty and Louise E. Moser and P. M. Melliar-Smith and Y. S. Ramakrishna},
	journal = {ACM Transactions on Software Engineering and Methodology},
	month = {apr},
	number = {2},
	pages = {131--165},
	title = {A Graphical Interval Logic for Specifying Concurrent Systems},
	volume = {3},
	year = {1994},
	blametag = {Susheel}
}
@inproceedings{Darimont-Lamsweerde:FSE96,
	author = {R. Darimont and A. van Lamsweerde},
	booktitle = {Proceedings of the Fourth {ACM} {SIGSOFT} Symposium on Foundations of Software Engineering ({SOFOSE})},
	month = {oct},
	pages = {179--190},
	title = {Formal Refinement Patterns for Goal-Driven Requirements Elaboration},
	year = {1996},
	blametag = {Susheel}
}
@inproceedings{Stoller:STTT02,
	author = {S. Stoller},
	booktitle = {International Journal on Software Tools for Technology Transfer},
	publisher = {Springer},
	title = {Model-checking multi-threaded distributed {Java} programs},
	year = {2002},
	blametag = {Susheel}
}
@inproceedings{Fisler-Krishnamurthi:FSE01,
	author = {Kathi Fisler and Shriram Krishnamurthi},
	booktitle = {Proceedings of the 8th European Software Engineering Conference held jointly with the 9th ACM SIGSOFT Symposium on the Foundations of Software Engineering},
	month = {sep},
	pages = {152--163},
	title = {Modular Verification of Collaboration-Based Software Designs},
	year = {2001},
	blametag = {Susheel}
}
@inproceedings{Graf-Saidi:CAV97,
	author = {S. Graf and H. Saidi},
	booktitle = {Proc. 9th International Conference on Computer Aided Verification ({CAV})},
	month = {jun},
	title = {Construction of Abstract State Graphs with {PVS}},
	year = {1997},
	blametag = {Susheel}
}
@inproceedings{Godefroid-al:CAV92,
	author = {Patrice Godefroid and Gerard~J.~Holzmann and Didier Pirottin},
	booktitle = {Proceedings of the Fourth International Conference on Computer Aided Verification ({CAV})},
	editor = {Gregor von Bochmann and David K. Probst},
	month = {jun},
	pages = {178--191},
	publisher = {Springer},
	series = {Lecture Notes in Computer Science},
	title = {State-Space Caching Revisited},
	volume = {663},
	year = {1993},
	blametag = {Susheel}
}
@inproceedings{Ball-al:PLDI01,
	author = {Thomas Ball and Rupak Majumdar and Todd Millstein and Sriram Rajamani},
	booktitle = {Proceedings of the {ACM} {SIGPLAN} Conference on Programming Language Design and Implementation ({PLDI})},
	month = {jun},
	pages = {203--213},
	title = {Automatic Predicate Abstraction of C Programs},
	year = {2001},
	blametag = {Susheel}
}
@inproceedings{Ruf:PLDI00,
	author = {Erik Ruf},
	booktitle = {Proceedings of the {ACM} {SIGPLAN} Conference on Programming Language Design and Implementation ({PLDI})},
	month = {jun},
	pages = {203--213},
	title = {Effective Synchronization Removal for {Java}},
	year = {2000},
	blametag = {Susheel}
}
@inproceedings{Dolby-Chien:PLDI00,
	author = {Julian Dolby and Andrew A. Chien},
	booktitle = {Proceedings of the {ACM} {SIGPLAN} Conference on Programming Language Design and Implementation ({PLDI})},
	month = {jun},
	pages = {345--357},
	title = {An automatic object inlining optimization and its evaluation},
	year = {2000},
	blametag = {Susheel}
}
@inproceedings{Grant-al:PLDI99,
	author = {Brian Grant and Matthai Philipose and Markus Mock and Craig Chambers and Susan J. Eggers},
	booktitle = {Proceedings of the {ACM} {SIGPLAN} Conference on Programming Language Design and Implementation ({PLDI})},
	month = {may},
	pages = {293--304},
	title = {An Evaluation of Staged Run-Time Optimizations in {DyC}},
	year = {1999},
	blametag = {Susheel}
}
@inproceedings{Choi-al:OOPSLA99,
	author = {Jong-Deok Choi and Manish Gupta and Mauricio J. Serrano and Vugranam C. Sreedhar and Samuel P. Midkiff},
	address = {Denver, CO},
	booktitle = {{OOPSLA} {ACM} Conference on Object-Oriented Systems, Languages and Applications},
	month = {oct},
	pages = {1--19},
	publisher = {ACM Press},
	series = {ACM SIGPLAN Notices},
	title = {Escape Analysis for Object Oriented Languages Application to {Java}},
	volume = {34(10)},
	year = {1999},
	blametag = {Susheel}
}
@inproceedings{Visser-al:FMSP00,
	author = {Willern Visser and Seung Joon Park and John Penix},
	booktitle = {Proceedings of the 3rd Workshop on Formal Methods in Software Practice ({FMSP})},
	month = {aug},
	pages = {3--12},
	title = {Using Predicate Abstraction to Reduce Object-Oriented Programs for Model Checking},
	year = {2000},
	blametag = {Susheel}
}
@inproceedings{Doerr-Sharp:STC99,
	author = {Bryan Doerr and David Sharp},
	booktitle = {Proceedings of the Software Technology Conference},
	month = {may},
	title = {Freeing Product Line Architectures from Execution Dependencies},
	year = {1999},
	blametag = {Susheel}
}
@inproceedings{Sharp:STC98,
	author = {David Sharp},
	booktitle = {Proceedings of the Software Technology Conference},
	month = {apr},
	title = {Reducing Avionics Software Cost Through Component Based Product Line Development},
	year = {1998},
	blametag = {Susheel}
}
@inproceedings{Sharp:DASC99,
	author = {David Sharp},
	booktitle = {Proceedings of the 18th {AIAA/IEEE} Digital Avionics Systems Conference},
	month = {oct},
	title = {Object Oriented Avionics Software Flow Policies},
	year = {1999},
	blametag = {Susheel}
}
@book{Klein-al:BOOK93,
	author = {Mark H. Klein and Thomas Ralya and Bill Pollak and Ray Obenza},
	publisher = {Kluwer Academic Publishers},
	title = {A Practitioner's Handbook for Real-Time Analysis: Guide to Rate Monotonic Analysis for Real-Time Systems},
	year = {1993},
	blametag = {Susheel}
}
@techreport{Sipma:TR2002,
	author = {Henny Sipma},
	institution = {Stanford University},
	month = {jul},
	number = {Draft},
	title = {Event Correlation: A Formal Approach},
	year = {2002},
	blametag = {Susheel}
}
@techreport{deNiz-Rajkumar:TR2002,
	author = {Dionisio de Niz and Ragunathan Rajkumar},
	institution = {Carnegie Mellon University},
	title = {{Geodesic} - A Reusable Component Framework for Embedded Real-Time Systems},
	year = {2002},
	blametag = {Susheel}
}
@techreport{Lee:TR2001,
	author = {Edward A. Lee},
	institution = {University of California, Berkeley},
	month = {mar},
	number = {UCB/ERL M01/11},
	title = {Overview of the Ptolemy Project},
	year = {2001},
	blametag = {Susheel}
}
@inproceedings{Horwitz-Reps:ICSE92,
	author = {Susan Horwitz and Thomas Reps},
	booktitle = {Proceedings of the 14th international conference on Software engineering ({SE})},
	pages = {392--411},
	publisher = {ACM Press},
	title = {The use of program dependence graphs in software engineering},
	year = {1992},
	blametag = {Susheel}
}
@book{Dijkstra:BOOK76,
	author = {Edsger W. Dijkstra},
	publisher = {Prentice-Hall},
	title = {A Discipline of Programming},
	year = {1976},
	blametag = {Susheel}
}
@inproceedings{Giannakopolou-al:EDOC00,
	author = {Christos T. Karamanolis and Dimitra Giannakopolou and Jeff Magee and Stuart M. Wheather},
	booktitle = {Proceedings of the 4th International Enterprise Distributed Object Computing Conference},
	month = {sep},
	pages = {170--181},
	title = {Model Checking of Workflow Schemas},
	year = {2000},
	blametag = {Susheel}
}
@inproceedings{Naumovich-al:FSE99,
	author = {Gleb Naumovich and George S. Avrunin and Lori A. Clarke},
	booktitle = {Proceedings of the 7th European Software Engineering Conference},
	month = {sep},
	pages = {338--354},
	title = {An Efficient Algorithm for Computing {MHP} Information for Concurrent {Java} Program},
	year = {1999},
	blametag = {Susheel}
}
@article{Bharadwaj-Heitmeyer:ASE99,
	author = {Ramesh Bharadwaj and Constance L. Heitmeyer},
	journal = {Automated Software Engineering: An International Journal},
	month = {jan},
	number = {1},
	pages = {37--68},
	title = {Model Checking Complete Requirements Specifications Using Abstraction},
	volume = {6},
	year = {1999},
	blametag = {Susheel}
}
@inproceedings{Kaveh:ICSE01,
	author = {Nima Kaveh},
	booktitle = {Proceedings of the 23rd International Conference on Software Engineering ({SE})},
	month = {may},
	title = {Model Checking Distributed Objects Design},
	year = {2001},
	blametag = {Susheel}
}
@inproceedings{Chaki-al:ICSE03,
	author = {Sagar Chaki and Edmund Clarke and Alex Groce and Somesh Jha and Helmut Veith},
	booktitle = {Proceedings of the 25th International Conference on Software Engineering},
	title = {Modular Verification of Software Components in {C}},
	year = {2003},
	blametag = {Susheel}
}
@inproceedings{Garlan-al:SPIN03,
	author = {David Garlan and S. Khersonsky and Jung Soo Kim},
	booktitle = {Proceedings of the  10th  International {SPIN} Workshop on Model Checking of Software},
	month = {may},
	title = {Model Checking Publish-Subscribe Systems},
	year = {2003},
	blametag = {Susheel}
}
@inproceedings{Alur-Yannakakis:FSE98,
	author = {Rajeev Alur and Mihalis Yannakakis},
	booktitle = {Proceedings of the Sixth {ACM} {SIGSOFT} Symposium on Foundations of Software Engineering ({SOFOSE})},
	month = {nov},
	pages = {175--188},
	title = {Model Checking of Hierarchical State Machines},
	year = {1998},
	blametag = {Susheel}
}
@inproceedings{Henzinger-al:POPL02,
	author = {Thomas A. Henzinger and Ranjit Jhala and Rupak Majumdar and Gr\'{e}goire Sutre},
	booktitle = {Proceedings of the 29th ACM Symposium on Principles of Programming Languages},
	month = {jan},
	pages = {58--70},
	title = {Lazy Abstraction},
	year = {2002},
	blametag = {Susheel}
}
@article{Bultan-al:TOSEM00,
	author = {Tevfik Bultan and Richard Gerber and Christopher League},
	journal = {{ACM} Transactions on Software Engineering and Methodology},
	month = {jan},
	number = {1},
	pages = {3--50},
	title = {Composite model-checking: verification with type-specific symbolic representations},
	volume = {9},
	year = {2000},
	blametag = {Susheel}
}
@misc{CIS842:URL,
	author = {John Hatcliff and Matthew B. Dwyer and Robby},
	howpublished = {\url|http://www.cis.ksu.edu/~hatcliff/842|},
	title = {Model Checking Course at Kansas State University},
	year = {2002},
	blametag = {Susheel}
}
@misc{Eclipse:URL,
	author = {{Eclipse} Consortium},
	howpublished = {\url|http://www.eclipse.org|},
	title = {{Eclipse} Website},
	year = {2001},
	blametag = {Susheel}
}
@misc{FDR:URL,
	author = {FormalSystems},
	howpublished = {\url|http://www.fsel.com/|},
	title = {{FDR2} Website},
	year = {2003},
	blametag = {Susheel}
}
@inproceedings{Hatcliff-al:Jones02,
	author = {John Hatcliff and Matthew B. Dwyer and Corina S. Pasareanu and Robby},
	booktitle = {The Essence of Computation, Complexity, Analysis, Transformation. Essays Dedicated to Neil D. Jones [on occasion of his 60th birthday]},
	editor = {Torben {\AE}. Mogensen and David A. Schmidt and Ivan Hal Sudborough},
	publisher = {Springer},
	series = {Lecture Notes in Computer Science},
	title = {Foundations of the {Bandera} Abstraction Tools},
	volume = {2566},
	year = {2002},
	blametag = {Susheel}
}
@article{Chan-al:TSE01,
	author = {William Chan and Richard J. Anderson and Paul Beame and David Notkin and David H. Jones and William E. Warner},
	journal = {{IEEE} Transactions on Software Engineering},
	number = {2},
	pages = {170--190},
	publisher = {IEEE Press},
	title = {Optimizing Symbolic Model Checking for State charts},
	volume = {27},
	year = {2001}
}
@inproceedings{Groce-Visser:ISSTA02,
	author = {Alex Groce and Willem Visser},
	booktitle = {Proceedings of the International Symposium on Software Testing and Analysis ({STA})},
	pages = {12--21},
	publisher = {{ACM} Press},
	title = {Model checking Java programs using structural heuristics},
	year = {2002},
	blametag = {Susheel}
}
@inproceedings{Edelkamp-al:SPIN01,
	author = {Stefan Edelkamp and Alberto Lluch Lafuente and Stefan Leue},
	booktitle = {Model Checking Software, Proceedings of the 8th International {SPIN} Workshop},
	month = {may},
	series = {Lecture Notes in Computer Science},
	title = {Directed Explicit Model Checking with {HSF-SPIN}},
	volume = {2057},
	year = {2001},
	blametag = {Susheel}
}
@techreport{Iosif-al:TR2002-4,
	author = {Radu Iosif and Matthew B. Dwyer and John Hatcliff},
	institution = {Kansas State University},
	note = {(submitted for publication)},
	number = {4},
	title = {Translating Java for Multiple Model Checkers: the {Bandera} Back-End},
	year = {2002},
	blametag = {Susheel}
}
@article{Rosenblum:TSE94,
	author = {David S. Rosenblum},
	journal = {{IEEE} Transactions on Software Engineering},
	month = {jan},
	number = {1},
	pages = {19--31},
	title = {A Practical Approach to Programming with Assertions},
	volume = {21},
	year = {1995},
	blametag = {Susheel}
}
@inproceedings{Floyd:AssigningMeaning67,
	author = {Robert W. Floyd},
	booktitle = {Proceedings of the Symposium on Applied Mathematics},
	title = {Assigning Meaning to Programs},
	year = {1967},
	blametag = {Susheel}
}
@book{Meyer:Book-OOSC88,
	author = {Bertrand Meyer},
	publisher = {Prentice-Hall},
	title = {Object-oriented Software Construction},
	year = {1988},
	blametag = {Susheel}
}
@article{Dwyer-al:COOP04,
	author = {Matthew B. Dwyer and John Hatcliff and Venkatesh R. Prasad and Robby},
	journal = {Formal Methods in System Designs},
	note = {(to appear)},
	title = {Exploiting Object Escape and Locking Information in Partial Order Reductions for Concurrent Object-Oriented Programs},
	year = {2004},
	blametag = {Susheel}
}
@inproceedings{Robby-al:SMC03,
	author = {Robby and Matthew B. Dwyer and John Hatcliff and Radu Iosif},
	booktitle = {Proceedings of the 2003 Workshop on Software Model Checking},
	month = {jul},
	title = {Space-Reduction Strategies for Model Checking Dynamic Systems},
	year = {2003},
	blametag = {Susheel}
}
@inproceedings{vandenBerg-Jacobs:TACAS01,
	author = {Joachim van den Berg and Bart Jacobs},
	booktitle = {Proceedings of the 7th International Conference on Tools and Algorithms for the Construction and Analysis of Systems (Lecture Notes in Computer Science 2031)},
	title = {The {LOOP} Compiler for {Java} and {JML}},
	year = {2001},
	blametag = {Susheel}
}
@inproceedings{Hussmann-al:UML00,
	author = {Heinrich Hussmann and Birgit Demuth and Frank Finger},
	booktitle = {The Third International Conference on The Unified Modeling Language (Lecture Notes in Computer Science 1939)},
	title = {Modular Architecture for a Toolset Supporting {OCL}},
	year = {2000},
	blametag = {Susheel}
}
@inproceedings{Richters-Gogolla:UML00,
	author = {Mark Richters and Martin Gogolla},
	booktitle = {The Third International Conference on The Unified Modeling Language (Lecture Notes in Computer Science 1939)},
	title = {Validating {UML} Models and {OCL} Constraints},
	year = {2000},
	blametag = {Susheel}
}
@inproceedings{Khurshid-al:OOPSLA02,
	author = {Sarfraz Khurshid and Darko Marinov and Daniel Jackson},
	booktitle = {Proceedings of the 17th {ACM} conference on Object-oriented programming, systems, languages, and applications},
	title = {An analyzable annotation language},
	year = {2002},
	blametag = {Susheel}
}
@inproceedings{Burdy-al:FMICS03,
	author = {Lilian Burdy and Yoonsik Cheon and David Cok and Michael Ernst and Joe Kiniry and Gary T. Leavens and K. Rustan M. Leino and Erik Poll},
	booktitle = {Proceedings of the Eighth International Workshop on Formal Methods for Industrial Critical Systems},
	title = {An Overview of {JML} Tools and Applications},
	year = {2003},
	blametag = {Susheel}
}
@inproceedings{Leavens-al:FMCO02,
	author = {Gary T. Leavens and Yoonsik Cheon and Curtis Clifton and Clyde Ruby and David Cok},
	booktitle = {Proceedings of the 1st International Symposium on Formal Methods for Components and Objects},
	month = {nov},
	title = {How the Design of {JML} Accommodates both Runtime Assertion checking and Formal Verification},
	year = {2002},
	blametag = {Susheel}
}
@inproceedings{Stoller:ISSTA02,
	author = {Scott D. Stoller},
	booktitle = {Proceedings of the International Symposium on Software Testing and Analysis},
	title = {Domain partitioning for open reactive systems},
	year = {2002},
	blametag = {Susheel}
}
@inproceedings{Tkachuk-al:ASE03,
	author = {Oksana Tkachuk and Matthew Dwyer and Corina Pasareanu},
	booktitle = {Proceedings of the 18th International Conference on Automated Software Engineering},
	month = {oct},
	title = {Automated Environment Generation for Software Model Checking},
	year = {2003},
	blametag = {Susheel}
}
@inproceedings{Tkachuk-Dwyer:FSE03,
	author = {Oksana Tkachuk and Matthew B. Dwyer},
	booktitle = {Proceedings of the Fourth joint meeting of the European Software Engineering Conference and {ACM SIGSOFT} Symposium on the Foundations of Software Engineering},
	month = {sep},
	title = {Adapting Side Effects Analysis for Modular Program Model Checking},
	year = {2003},
	blametag = {Susheel}
}
@inproceedings{Rodriguez-al:CASSIS04,
	author = {Edwin Rodr\'iguez and Matthew B. Dwyer and John Hatcliff and Robby},
	booktitle = {Proceedings of the International Workshop on Construction and Analysis of Safe, Secure and Interoperable Smart Devices},
	note = {(to appear)},
	title = {A Flexible Framework for the Estimation of Coverage Metrics in Explicit State Software Model Checking},
	year = {2004},
	blametag = {Susheel}
}
@misc{MAnTA:URL,
	author = {SAnToS},
	howpublished = {\url|http://manta.projects.cis.ksu.edu|},
	title = {{MAnTA} Website},
	year = {2004},
	blametag = {Susheel}
}
@inproceedings{Catano-Huisman:VMCAI03,
	author = {N\'estor Catano and Marieke Huisman},
	booktitle = {Proceedings of the 4th International Conference on Verification, Model Checking, and Abstract Interpretation (VMCAI)},
	editor = {Lenore D. Zuck and Paul C. Attie and Agostino Cortesi and Supratik Mukhopadhyay},
	pages = {26--40},
	publisher = {Springer},
	series = {Lecture Notes in Computer Science},
	title = {Verifying Atomicity Specifications for Concurrent Object Oriented Software Using Model Checking},
	volume = {2575},
	year = {2003},
	blametag = {Susheel}
}
@misc{JACK:URL,
	author = {GEMPLUS},
	howpublished = {\url|http://www.gemplus.com/smart/r_d/trends/jack.html|},
	title = {{JACK} Website},
	blametag = {Susheel}
}
@inproceedings{Liu-al:PLDI04,
	author = {Yanhong A. Liu and Tom Rothamel and Fuxiang Yu and Scott D. Stoller and Nanjun Hu},
	booktitle = {Proceedings of the {ACM SIGPLAN} Conference on Programming Language Design and Implementation ({PLDI})},
	editor = {William Pugh and Craig Chambers},
	month = {jun},
	publisher = {{ACM} Press},
	title = {Parametric Regular Path Queries},
	year = {2004},
	blametag = {Georg}
}
@book{Pierce:BOOK02,
	author = {Benjamin C. Pierce},
	publisher = {{MIT} Press},
	title = {Types and Programming Languages},
	year = {2002},
	blametag = {Georg}
}
@book{Henning-Vinoski:BOOK99,
	author = {Michi Henning and Steve Vinoski},
	publisher = {Addison-Wesley},
	title = {Advanced {CORBA} Programming with {C++}},
	year = {1999},
	blametag = {Georg}
}
@book{Bollella-al:BOOK00,
	author = {Gregory Bollella and Benjamin Brosgol and James Gosling and Peter Dibble and Steve Furr andMark Turnbull},
	edition = {1st},
	month = {January},
	publisher = {Addison Wesley},
	title = {The Real-Time Specification for Java},
	year = {2000},
	blametag = {Georg}
}
@article{Corsaro-Schmidt:PDS03,
	author = {Angelo Corsaro and Douglas C. Schmidt},
	journal = {IEEE Transactions on Parallel and Distributed Systems},
	month = {Nov},
	number = {11},
	pages = {1155--1167},
	title = {The Design and Performance of Real-time {Java} Middleware},
	volume = {14},
	year = {2003},
	blametag = {Georg}
}
@article{Schmidt-al:CC98,
	author = {Douglas C. Schmidt and David L. Levine and Sumedh Mungee},
	journal = {Computer Communications},
	month = {Apr},
	number = {4},
	pages = {294--324},
	title = {The Design and Performance of Real-Time Object Request Brokers},
	volume = {21},
	year = {1998},
	blametag = {Georg}
}
@book{Heineman-Councill:BOOK01,
	author = {George T. Heineman and Bill T. Councill},
	publisher = {Addison Wesley},
	title = {Component-Based Software Engineering: Putting the Pieces Together},
	year = {2001},
	blametag = {Georg}
}
@inproceedings{Sharp-Roll:03,
	author = {David C. Sharp and Wendy C. Roll},
	address = {Washington, {DC}},
	booktitle = {Proceedings of the Workshop on Model-Driven Embedded Systems in {RTAS} 2003},
	month = {May},
	title = {Model-Based Integration of Reusable Component-Based Avionics System},
	year = {2003},
	blametag = {Georg}
}
@incollection{Wang-al:03,
	author = {Nanbor Wang and Douglas C. Schmidt and Aniruddha Gokhale and Craig Rodrigues and Balachandran Natarajan and Joseph P. Loyall and Richard E. Schantz and Christopher D. Gill},
	booktitle = {Middleware for Communications},
	editor = {Qusay Mahmoud},
	publisher = {Wiley and Sons},
	title = {{QoS-enabled} Middleware},
	year = {2003},
	blametag = {Georg}
}
@misc{Bandera:URL,
	howpublished = {\url|http://bandera.projects.cis.ksu.edu/|},
	title = {The {Bandera} Tool Set for Model Checking Concurrent {Java}},
	blametag = {Georg}
}
@article{Schmid-Verlage:IEEE-Software02,
	author = {Klaus Schmid and Martin Verlage},
	journal = {{IEEE} Software},
	number = {4},
	pages = {50--57},
	title = {The Economic Impact of Product Line Adoption and Evolution},
	volume = {19},
	year = {2002},
	blametag = {Georg}
}
@misc{Sun:J2EE03,
	howpublished = {\url+http://java.sun.com/j2ee/j2ee-1_4-fr-spec.pdf+},
	month = {Nov},
	title = {{Java} 2 platform, Enterprise Edition ({J2EE}) specification version 1.4},
	year = {2003},
	blametag = {Georg}
}
@misc{OMG:MOF,
	howpublished = {\url+www.omg.org/technology/documents/formal/mof.htm+},
	key = {Object Management Group},
	title = {Meta-Object Facility (MOF), v1.4}
}
@misc{OMG:CCM,
	howpublished = {\url+http://www.omg.org/technology/documents/formal/components.htm+},
	title = {{CORBA} Component Model, v3.0},
	blametag = {Georg}
}
@manual{RTCorba:02,
	edition = {{OMG} Document formal/02-08-02},
	month = {Aug},
	organization = {Object Management Group},
	title = {Real-time {CORBA} Specification},
	year = {2002},
	blametag = {Georg}
}
@misc{OMG:CORBA,
	howpublished = {\url+http://www.omg.org/technology/documents/formal/corba_iiop.htm+},
	title = {{CORBA}/{IIOP} Specification, v3.0.3},
	blametag = {Georg}
}
@inproceedings{Parnas-al:ICSE85,
	author = {David L. Parnas and David M. Weiss},
	booktitle = {Proceedings of the 8th international conference on Software engineering ({ICSE})},
	number = {402},
	pages = {132--136},
	publisher = {IEEE Computer Society Press},
	title = {Active design reviews: principles and practices},
	year = {1984},
	blametag = {Georg}
}
@article{Parnas-Clements:86,
	author = {David L. Parnas and Paul C. Clements},
	journal = {{IEEE} Transactions on Software Engineering},
	number = {2},
	pages = {251--257},
	title = {A rational design process: How and why to fake it},
	volume = {12},
	year = {1986},
	blametag = {Georg}
}
@article{Parnas:CACM72,
	author = {David L. Parnas},
	journal = {Communications of the {ACM}},
	month = {Dec},
	number = {12},
	pages = {1053--1058},
	title = {On the criteria to be used in decomposing systems into modules},
	volume = {15},
	year = {1972},
	blametag = {Georg}
}
@misc{OMG:UML,
	author = {{Object Management Group}},
	howpublished = {\url+http://www.omg.org/cgi-bin/apps/doc?ptc/04-10-02.zip+},
	title = {{UML} 2.0 Superstructure {FTF} convenience document},
	blametag = {Georg}
}
@manual{Vestal:MetaH,
	author = {Steve Vestal},
	note = {\url+http://www.htc.honeywell.com/metah/uguide.pdf+},
	organization = {Honeywell Technology Center},
	title = {{MetaH} User's Manual 1.27},
	year = {1998},
	blametag = {Georg}
}
@misc{AndroMDA:URL,
	author = {{Andro MDA Project}},
	howpublished = {\url|http://www.andromda.org/|},
	title = {Andro{MDA} Website},
	year = {2005},
	blametag = {Georg}
}
@inproceedings{Dwyer-al:ICSE01,
	author = {Matthew B. Dwyer and John Hatcliff and Roby Joehanes and Shawn Laubach and Corina S. P\u{a}s\u{a}reanu and Robby and Willem Visser and Hongjun Zheng},
	booktitle = {Proceedings of the 23rd International Conference on Software Engineering ({SE})},
	month = {may},
	title = {Tool-supported Program Abstraction for Finite-state Verification},
	year = {2001},
	blametag = {Susheel}
}
@manual{OMG:CCM-light,
	edition = {{OMG} Document realtime/03-05-05},
	month = {May},
	organization = {Object Management Group},
	title = {Light Weight {CORBA} Component Model Revised Submission},
	year = {2003},
	blametag = {Georg}
}
@inproceedings{Garlan-al:CASCON97,
	author = {David Garlan and Robert Monroe and David Wile},
	booktitle = {Proceedings of the 1997 conference of the Centre for Advanced Studies on Collaborative research ({CASCON})},
	publisher = {{IBM} Press},
	title = {Acme: an architecture description interchange language},
	year = {1997},
	blametag = {Georg}
}
@article{Grieskamp-al:SMC05,
	author = {Wolfgang Grieskamp and Nikolai Tillmann and Wolfram Schulte},
	journal = {Workshop on Software Model Checking},
	title = {{XRT}--Exploring Runtime for {.NET}: Architecture and Applications},
	year = {2005},
	blametag = {jooyong}
}
@misc{Alloy:URL,
	howpublished = {\url|http://alloy.mit.edu|},
	title = {{Alloy} Website},
	blametag = {jooyong}
}
@misc{ASM:URL,
	howpublished = {\url|http://asm.objectweb.org/|},
	title = {ASM website},
	blametag = {jooyong}
}
@article{OHearn-al:Draft05,
	author = {Josh Berdine and Cristiano Calcagno and Peter W. O'Hearn},
	journal = {Draft},
	month = {November},
	title = {Modular Automatic Assertion Checking with Separation Logic},
	year = {2005},
	blametag = {jooyong}
}
@misc{JVMSpec:URL,
	author = {Tim Lindholm and Frank Yellin},
	note = {http://java.sun.com/docs/books/vmspec/2nd-edition/html/VMSpecTOC.doc.html},
	title = {The {Java} Virtual Machine Specification (2nd Edition)},
	blametag = {jooyong}
}
@article{Barrett-Berezin:CAV04,
	author = {Clark Barrett and Sergey Berezin},
	journal = {Computer-aided Verification (CAV)},
	pages = {515-518},
	title = {{CVC} {L}ite: A New Implementation of the Cooperating Validity Checker},
	year = {2004},
	blametag = {jooyong}
}
@article{Berdine-al:APLAS05,
	author = {Josh Berdine and Cristiano Calcagno and Peter W. O'Hearn},
	journal = {Asian Symposium on Programming Languages and Systems},
	pages = {52-68},
	title = {Symbolic Execution with Separation Logic},
	year = {2005},
	blametag = {jooyong}
}
@article{Clarke-al:OOPSLA98,
	author = {David G. Clarke and John Potter and James Noble},
	journal = {Object-Oriented Programming Systems, Languages, and Applications (OOPSLA)},
	pages = {48-64},
	title = {Ownership Types for Flexible Alias Protection},
	year = {1998},
	blametag = {jooyong}
}
@article{Henriksen-al:TACAS95,
	author = {Jesper G. Henriksen and Jakob L. Jensen and Michael E. J{\o}rgensen and Nils Klarlund and Robert Paige and Theis Rauhe and Anders Sandholm},
	journal = {Tools and Algorithms for the Construction and Analysis of Systems (TACAS)},
	pages = {89-110},
	title = {{Mona}: Monadic Second-Order Logic in Practice},
	year = {1995},
	blametag = {jooyong}
}
@article{King:ACM76,
	author = {James C. King},
	journal = {Communications of the ACM},
	number = {7},
	pages = {385-394},
	title = {Symbolic execution and program testing},
	volume = {19},
	year = {1976},
	blametag = {jooyong}
}
@inproceedings{Lev-Ami-Sagiv:SAS00,
	author = {T. Lev-Ami and M. Sagiv},
	booktitle = {Proceedings of the 7th International Static Analysis Symposium (SAS)},
	title = {{TVLA}: A framework for Kleene-based Static Analysis},
	year = {2000},
	blametag = {Susheel}
}
@article{Moller-Schwartzbach:PLDI01,
	author = {Anders M\o{}ller and Michael I. Schwartzbach},
	journal = {Programming Language Design and Implementation (PLDI)},
	pages = {221-231},
	title = {The Pointer Assertion Logic Engine},
	year = {2001},
	blametag = {jooyong}
}
@article{Pasareanu-Visser:SPIN04,
	author = {Corina S. P\u{a}s\u{a}reanu and Willem Visser},
	journal = {SPIN Workshop},
	pages = {164-181},
	title = {Verification of {Java} Programs Using Symbolic Execution and Invariant Generation},
	year = {2004},
	blametag = {jooyong}
}
@article{Saff-Ernst:ISSRE03,
	author = {David Saff and Michael D. Ernst},
	journal = {International Symposium on Software Reliability Engineering (ISSRE)},
	pages = {281-292},
	title = {Reducing wasted development time via continuous testing},
	year = {2003},
	blametag = {jooyong}
}
@misc{SMTLib:URL,
	howpublished = {\url|http://goedel.cs.uiowa.edu/smtlib|},
	title = {{SMT-LIB}: The satisfiability modulo theories library},
	blametag = {robby}
}
@conference{Kiniry-al:VSSTE05,
	author = {Joseph R. Kiniry and Patrice Chalin and Cle\´ment Hurlin},
	booktitle = {Verified Software: Theories, Tools, Experiments},
	note = {(position paper)},
	title = {Integrating Static Checking and Interactive Verification: Supporting Multiple Theories and Provers in Verification},
	year = {2005},
	blametag = {robby}
}
@article{Jackson:TOSEM02,
	author = {Daniel Jackson},
	journal = {ACM Transactions on Software Engineering and Methodology (TOSEM)},
	month = {apr},
	number = {2},
	pages = {256 - 290},
	title = {Alloy: a lightweight object modelling notation},
	volume = {11},
	year = {2002},
	blametag = {robby}
}
@article{Suwimonteerabuth-al:TACAS05,
	author = {Dejvuth Suwimonteerabuth and Stefan Schwoon and Javier Esparza},
	journal = {Proceedings of the 11th International Conference on Tools and Algorithms for the Construction and Analysis of Systems (TACAS)},
	title = {jMoped: A Java bytecode checker based on Moped},
	year = {2005},
	blametag = {William did input}
}
@techreport{Schmidt:TR2000-3,
	author = {David Schmidt},
	institution = {Kansas State University},
	month = {November},
	title = {Binary relations for abstraction and refinement},
	year = {2000},
	blametag = {inputed by William Deng}
}
@book{Weiss:Book99,
	author = {Mark Allen Weiss},
	editor = {Mark Allen Weiss},
	publisher = {Addison Wesley},
	title = {Data Structures and Algorithm Analysis in Java},
	year = {1998},
	blametag = {William Deng}
}
@book{Meyer:Book88,
	author = {Bertrand Meyer},
	editor = {Bertrand Meyer},
	publisher = {Prentice Hall},
	title = {Object-Oriented Software Construction},
	year = {1988},
	blametag = {jooyong}
}
@inproceedings{Flatt-al:POPL98,
	author = {Matthew Flatt and Shriram Krishnamurthi and Matthias Felleisen},
	booktitle = {Proceedings of the the 25th ACM SIGPLAN-SIGACT Symposium on Principles of Programming Languages (POPL)},
	pages = {171-183},
	title = {Classes and Mixins},
	year = {1998},
	blametag = {Georg}
}
@article{Garlan-al:IEEE-Software1995,
	author = {David Garlan and Robert Allen and John Ockerbloom},
	journal = {IEEE Software},
	month = {November},
	number = {6},
	pages = {17-26},
	title = {Architectural Mismatch: Why Reuse Is So Hard},
	volume = {12},
	year = {1995},
	blametag = {Georg}
}
@book{Clements-Northrop:BOOK02,
	author = {Paul Clements and Linda Northrop},
	publisher = {Addison Wesley},
	title = {Software Product Lines},
	year = {2002},
	blametag = {Georg}
}
@article{Perry-Wolf:SEN92,
	author = {Dewayne E. Perry and Alexander L. Wolf},
	journal = {ACM SIGSOFT Software Engineering Notes},
	month = {October},
	number = {4},
	pages = {40-52},
	title = {Foundations for the study of software architecture},
	volume = {17},
	year = {1992},
	blametag = {Georg}
}
@inproceedings{Nierstrasz-Achermann:FMCO02,
	author = {Oscar Nierstrasz and Franz Achermann},
	booktitle = {First International Symposium on Formal Methods for Components and Objects},
	editor = {Frank S. de Boer and Marcello M. Bonsangue and Susanne Graf and Willem-Paul de Roever},
	month = {November},
	pages = {339-360},
	publisher = {Springer},
	title = {A Calculus for Modeling Software Components},
	volume = {2852/2003},
	year = {2002},
	blametag = {Georg}
}
@book{Szyperski:BOOK2002,
	author = {Clemens Szyperski},
	edition = {2nd},
	publisher = {ACM Press / Addison-Wesley},
	title = {Component Software: Beyond Object-Oriented Programming},
	year = {2002},
	blametag = {Georg}
}
@article{Medvidovic-Taylor:IEEE-TSE2000,
	author = {Nenad Medvidovic and Richard N. Taylor},
	journal = {IEEE Transactions on Software Engineering},
	month = {January},
	number = {1},
	pages = {70-93},
	title = {A Classification and Comparison Framework for Software Architecture Description Languages},
	volume = {26},
	year = {2000},
	blametag = {Georg}
}
@article{Karsai-al:IEEE-CST04,
	author = {Gabor Karsai and Miklos Maroti and Akos Ledeczi and Jeff Gray and Janos Sztipanovits},
	journal = {IEEE Transactions on Control Systems Technology},
	month = {March},
	number = {2},
	pages = {263-278},
	title = {Composition and Cloning in Modeling and Meta-Modeling},
	volume = {12},
	year = {2004},
	blametag = {Georg}
}
@inproceedings{Medvidovic-al:ICSE99,
	author = {Nenad Medvidovic and David S. Rosenblum and Richard N. Taylor},
	booktitle = {Proceedings of the 21st International Conference on Software Engineering},
	pages = {44-35},
	publisher = {IEEE Computer Society Press},
	title = {A language and environment for architecture-based software development and evolution},
	year = {1999},
	blametag = {Georg}
}
@inproceedings{Magee-Kramer:FSE96,
	author = {Jeff Magee and Jeff Kramer},
	booktitle = {Proceedings of the 4th {ACM} {SIGSOFT} Symposium on Foundations of Software Engineering},
	pages = {3-14},
	publisher = {ACM Press},
	title = {Dynamic structure in software architectures},
	year = {1996},
	blametag = {Georg}
}
@inproceedings{Medvidovic:ISAW96,
	author = {Nenad Medvidovic},
	booktitle = {Proceedings of the second International Software Architecture Workshop ({ISAW-2})},
	note = {Joint proceedings with international workshop on multiple perspectives in software development (Viewpoints '96) on {SIGSOFT} '96 workshops},
	pages = {24-27},
	publisher = {ACM Press},
	series = {Foundations of Software Engineering},
	title = {ADLs and dynamic architecture changes},
	year = {1996},
	blametag = {Georg}
}
@article{Luckham-Vera:IEEE-TSE1995,
	author = {David C. Luckham and James Vera},
	journal = {IEEE Transactions on Software Engineering},
	month = {September},
	number = {9},
	pages = {717-734},
	title = {An Event-Based Architecture Definition Language},
	volume = {21},
	year = {1995},
	blametag = {Georg}
}
@article{Luckham-al:IEEE-TSE1995,
	author = {David C. Luckham and John J. Kenney and Larry M. Augustin and James Vera and Doug Bryan and Walter Mann},
	journal = {IEEE Transactions on Software Engineering},
	month = {April},
	number = {4},
	pages = {336-355},
	title = {Specification and Analysis of System Architecture Using Rapide},
	volume = {21},
	year = {1995},
	blametag = {Georg}
}
@inproceedings{Gay-al:PLDI03,
	author = {David Gay and Philip Levis and Robert von Behren and Matt Welsh and Eric Brewer and David Culler},
	booktitle = {Proceedings of the {ACM} {SIGPLAN} 2003 conference on Programming language design and implementation},
	pages = {1-11},
	publisher = {ACM Press},
	title = {The {nesC} language: A holistic approach to networked embedded systems},
	year = {2003},
	blametag = {Georg}
}
@inproceedings{Oderski-Zenger:OOPSLA05,
	author = {Martin Odersky and Matthias Zenger},
	booktitle = {Proceedings of the 20th annual {ACM} {SIGPLAN} conference on Object Oriented Programming, Systems, Languages, and Applications},
	pages = {41-57},
	publisher = {ACM Press},
	title = {Scalable component abstractions},
	year = {2005},
	blametag = {Georg}
}
@inproceedings{Greenstein-al:ENSS04,
	author = {Ben Greenstein and Eddie Kohler and Deborah Estrin},
	booktitle = {Proceedings of the 2nd international conference on Embedded Networked Sensor Systems},
	pages = {69-80},
	publisher = {ACM Press},
	title = {A sensor network application construction kit ({SNACK})},
	year = {2004},
	blametag = {Georg}
}
@manual{Gay-al:nesC03,
	author = {David Gay and Philip Levis and David Culler and Eric Brewer},
	address = {\url+http://nescc.sourceforge.net/+},
	month = {May},
	title = {{nesC} 1.1 Language Reference Manual},
	year = {2003},
	blametag = {Georg}
}
@book{Matena-al:Book2003,
	author = {Vlada Matena and Sanjeev Krishnan and Linda DeMichiel and Beth Stearns},
	publisher = {Addison Wesley},
	title = {Applying Enterprise JavaBeans},
	year = {2003},
	blametag = {Georg}
}
@manual{CCM:2006,
	month = {April},
	organization = {Object Management Group},
	title = {{OMG} formal/06-04-01 ({CORBA} Component Model Specification, v4.0)},
	year = {2006},
	blametag = {Georg}
}
@misc{Garlan:AESOP95,
	author = {David Garlan},
	howpublished = {\url+http://www.cs.cmu.edu/afs/cs/project/able/www/aesop/html/aesop-overview.ps+},
	month = {July},
	title = {An Introduction to the {AESOP} System},
	year = {1995},
	blametag = {Georg}
}
@techreport{Monroe:CMU-TR-Armani,
	author = {Robert Monroe},
	institution = {CMU School of Computer Science},
	month = {September},
	number = {CMU-CS-98-163},
	title = {Capturing Software Architecture Design Expertise With Armani},
	year = {2000},
	blametag = {Georg}
}
@book{Warmer-al:Book03,
	author = {Jos Warmer and Anneke Kleppe},
	edition = {2nd},
	month = {August},
	publisher = {Addison Wesley},
	title = {The Object Constraint Language},
	year = {2003},
	blametag = {Georg}
}
@inproceedings{DiNitto-Rosenblum:ICSE99,
	author = {Elisabetta {Di Nitto} and David S. Rosenblum},
	booktitle = {Proceedings of the 21st international conference on Software engineering},
	pages = {13-22},
	publisher = {IEEE Computer Society Press},
	title = {Exploiting {ADLs} to specify architectural styles induced by middleware infrastructures},
	year = {1999},
	blametag = {Georg}
}
@book{Shaw-Garlan:Book96,
	author = {Mary Shaw and David Garlan},
	publisher = {Prentice Hall},
	title = {Software Architecture},
	year = {1996},
	blametag = {Georg}
}
@misc{xADL2Schemas:URL,
	howpublished = {\url+http://www.isr.uci.edu/projects/xarchuci/ext-overview.html+},
	title = {{xADL} 2.0 Schemas},
	blametag = {Georg}
}
@misc{Kompanek:ACME-URL,
	author = {Andrew Kompanek},
	howpublished = {\url+http://www.cs.cmu.edu/~acme+},
	title = {Modeling a System with Acme},
	blametag = {Georg}
}
@techreport{Jung:SAnToS-TR2006-3,
	author = {Georg Jung},
	institution = {Kansas State University, Department of Computing and Information Sciences},
	number = {SAnToS-TR2006-3},
	title = {The Type System of CALM},
	year = {2006},
	blametag = {Georg}
}
@inproceedings{Ledeczi-al:CCA01,
	author = {{\'A}kos L{\'e}deczi and Greg Nordstrom and Gabor Karsai and P{\'e}ter V{\"o}lgyesi and Mikl{\'o}s Mar{\'o}ti},
	booktitle = {Proceedings of the 2001 IEEE International Conference on Control Applications ({CCA})},
	pages = {756--760},
	title = {On metamodel composition},
	year = {2001},
	blametag = {Georg}
}
@misc{ISO:OSI94,
	author = {{International Organization for Standardization}},
	howpublished = {ISO/IEC 7498-1},
	title = {Information technology -- Open Systems Interconnection -- Basic Reference Model: The Basic Model},
	year = {1994},
	blametag = {Georg}
}
@techreport{Tillmann-Schulte:TR2005-153,
	author = {Nikolai Tillmann and Wolfram Schulte},
	institution = {Microsoft Research},
	title = {Unit Tests Reloaded: Parameterized Unit Testing with Symbolic Execution},
	year = {2005},
	blametag = {William}
}
@article{Aho-Sloane:FQ70,
	author = {A. V. Aho and N. J. A. Sloane},
	journal = {Fibonacci Quarterly},
	pages = {429-437},
	title = {Some Doubly Exponential Sequences},
	volume = {11},
	year = {1970},
	blametag = {William Deng}
}
@inproceedings{Khurshid-Suen:PASTE05,
	author = {Sarfraz Khurshid and Yuk Lai Suen},
	booktitle = {Workshop on Program Analysis for Software Tools and Engineering},
	title = {Generalizing Symbolic Execution to Library Classes},
	year = {2005}
}
@article{Anand-al:SPIN06,
	author = {Saswat Anand and Corina S. Pasareanu and Willem Visser},
	journal = {SPIN Workshop on Model Checking of Software},
	title = {Symbolic Execution with Abstract Subsumption Checking},
	year = {2006},
	blametag = {William}
}
@phdthesis{Vaziri:PhD04,
	author = {Mandana Vaziri-Farahani},
	school = {MIT},
	title = {Finding Bugs in Software with a Constraint Solver},
	year = {2004},
	blametag = {William}
}
@article{Shell:CACM59,
	author = {Donald L. Shell},
	journal = {Communications of the ACM},
	month = {July},
	pages = {30-32},
	title = {A High-Speed Sorting Procedure},
	volume = {2},
	year = {1959},
	blametag = {William Deng}
}
@book{Wilf:Book90,
	author = {Herbert S. Wilf},
	publisher = {Academic Press, Inc},
	title = {Generatingfunctionology},
	year = {1990},
	blametag = {William Deng}
}
@book{Graham-al:Book94,
	author = {Ronald L. Graham and Donald E. Knuth and Oren Patashnik},
	edition = {2},
	publisher = {Reading, Massachusetts: Addison-Wesley},
	title = {Concrete Mathematics},
	year = {1994},
	blametag = {William Deng}
}
@book{Greenfield-al:Book04,
	author = {Jack Greenfield and Keith Short and Steve Cook and Stuart Kent and John Crupi},
	publisher = {Wiley},
	title = {Software Factories -- Assembling Application with Patterns, Models, Frameworks, and Tools},
	year = {2004},
	blametag = {Georg}
}
@book{Pohl-al:Book05,
	author = {Klaus Pohl and G\"{u}nter B\"{o}ckle and Frank van der Linden},
	publisher = {Springer},
	title = {Software Product Line Engineering: Foundations, Principles and Techniques},
	year = {2005},
	blametag = {Georg}
}
@article{Czarnecki-al:SPIP05,
	author = {Krzysztof Czarnecki and Simon Helsen and Ulrich Eisenecker},
	journal = {Software Process: Improvement and Practice},
	month = {April/June},
	number = {2},
	pages = {143--169},
	title = {Staged Configuration through Specialization and Multi-Level Configuration of Feature Models},
	volume = {10},
	year = {2005},
	blametag = {Georg}
}
@inproceedings{Batory:SPLC05,
	author = {Don S. Batory},
	booktitle = {Proceedings of the 9th International Conference on Software Product Lines ({SPLC})},
	editor = {J. Henk Obbink and Klaus Pohl},
	month = {September},
	number = {3714},
	pages = {7--20},
	publisher = {Springer},
	series = {Lecture Notes in Computer Science},
	title = {Feature Models, Grammars, and Propositional Formulas},
	year = {2005},
	blametag = {Georg}
}
@proceedings{Obbink-Pohl:Proc05,
	editor = {J. Henk Obbink and Klaus Pohl},
	month = {September},
	number = {3714},
	publisher = {Springer},
	series = {Lecture Notes in Computer Science},
	title = {Proceedings of the 9th International Conference on Software Product Lines ({SPLC})},
	year = {2005},
	blametag = {Georg}
}
@inproceedings{vanOmmering:ICSE02,
	author = {Rob van Ommering},
	address = {New York, NY, USA},
	booktitle = {Proceedings of the 24th International Conference on Software Engineering},
	organization = {IEEE/ACM/SIGSOFT},
	pages = {255--265},
	publisher = {ACM Press},
	title = {Building product populations with software components},
	year = {2002},
	blametag = {Georg}
}
@misc{TinyOS:URL,
	howpublished = {\url+http://www.tinyos.net/+},
	title = {TinyOS Web Site},
	blametag = {Todd}
}
@misc{Cadena:URL,
	howpublished = {\url+http://cadena.projects.cis.ksu.edu/+},
	title = {{\sc Cadena} Web Site},
	blametag = {Todd}
}
@misc{nesC:URL,
	howpublished = {\url+http://nescc.sourceforge.net//+},
	title = {nesC Web Site},
	blametag = {Todd}
}
@article{Khurshid-al:TACAS03,
	author = {Sarfraz Khurshid and Corina S. P\u{a}s\u{a}reanu and Willem Visser},
	journal = {Tools and Algorithms for Construction and Analysis of Systems (TACAS)},
	pages = {553-568},
	title = {Generalized Symbolic Execution for Model Checking and Testing},
	year = {2003},
	blametag = {jooyong}
}
@article{Cok-Kiniry:CASSIS04,
	author = {David R. Cok and Joseph Kiniry},
	journal = {Construction and Analysis of Safe, Secure, and Interoperable Smart Devices (CASSIS)},
	pages = {108-128},
	title = {{ESC}/{Java2}: Uniting {ESC}/{Java} and {JML}},
	year = {2004},
	blametag = {jooyong}
}
@misc{JO:URL,
	howpublished = {\url+http://junit-objects.sourceforge.net/+},
	blametag = {William Deng}
}
@misc{ESCJava2:URL,
	howpublished = {\url|http://secure.ucd.ie/products/opensource/ESCJava2|},
	blametag = {Susheel}
}
@article{Barnett-al:CASSIS04,
	author = {Mike Barnett and K. Rustan M. Leino and Wolfram Schulte},
    journal = {Construction and Analysis of Safe, Secure, and Interoperable Smart Devices (CASSIS)},
	pages = {49-69},
	title = {The {Spec\#} Programming System: An Overview},
	year = {2004},
	blametag = {jooyong}
}
@article{Ahrendt-al:SSM05,
	author = {Wolfgang Ahrendt and Thomas Baar and Bernhard Beckert and Richard Bubel and Martin Giese and Reiner Hähnle and Wolfram Menzel and Wojciech Mostowski and Andreas Roth and Steffen Schlager and Peter H. Schmitt},
	journal = {Software and Systems Modeling},
	pages = {32--54},
	title = {The {KeY} Tool},
	volume = {4},
	year = {2005},
	blametag = {William Deng}
}
@inproceedings{csallner-Smaragdakis:ICSE05,
	author = {Christoph Csallner and Yannis Smaragdakis},
	booktitle = {Proc. 27th International Conference on Software Engineering},
	month = {May},
	pages = {422--431},
	publisher = {ACM Press},
	title = {{Check} 'n' {Crash}: Combining static checking and testing},
	year = {2005},
	blametag = {William Deng}
}
@inproceedings{Godefroid-al:PLDI05,
	author = {Patrice Godefroid and Nils Klarlund and Koushik Sen},
	booktitle = {ACM SIGPLAN 2005 Conference on Programming Language Design and Implementation (PLDI)},
	pages = {213--223},
	publisher = {ACM Press},
	title = {{DART}: Directed Automated Random Testing},
	year = {2005},
	blametag = {William Deng}
}
@inproceedings{Gulavani-al:FSE06,
	author = {Bhargav S. Gulavani and Thomas A. Henzinger and Yamini Kannan and Aditya V. Nori and Sriram K. Rajamani},
	booktitle = {Proceedings of the 14th ACM SIGSOFT International Symposium on Foundations of Software Engineering},
	editor = {Michal Young and Premkumar T. Devanbu},
	month = {November},
	pages = {117-127},
	title = {{SYNERGY}: a new algorithm for property checking},
	year = {2006},
	blametag = {William Deng}
}
@inproceedings{Schlenker-Ringwelski:ERCIM2002,
	author = {Hans Schlenker and Georg Ringwelski},
	booktitle = {Recent Advances in Constraints: Joint ERCIM/CologNet International Workshop on Constraint Solving and Constraint Logic Programming},
	editor = {B. O'Sullivan},
	month = {June},
	pages = {159­-170},
	publisher = {Springer},
	title = {{POOC} - a Platform for Object-Oriented Constraint Programming},
	year = {2002},
	blametag = {William Deng}
}
@techreport{Deng-al:SAnToS-TR2007-1,
	author = {Xianghua Deng and Robby and John Hatcliff},
	institution = {Kansas State University, Department of Computing and Information Sciences},
	number = {SAnToS-TR2007-1},
	title = {{Kiasan/KUnit}: Automatic Test Case Generation and Analysis Feedback for Open Object-oriented Systems},
	year = {2007},
	blametag = {William Deng}
}
@inproceedings{Kim-al:ROSATEA06,
	author = {Jung Soo Kim and David Garlan},
	booktitle = {Workshop on the Role of Software Architecture for Testing and Analysis (ROSATEA)},
	month = {July},
	title = {Analyzing Architectural Styles with Alloy},
	year = {2006},
	blametag = {Georg}
}
@inproceedings{Medvidovic-al:FSE96,
	author = {Nenad Medvidovic and Peyman Oreizy and Jason E. Robbins and Richard N. Taylor},
	booktitle = {Proceedings of the 4th {ACM} {SIGSOFT} Symposium on Foundations of Software Engineering},
	pages = {24-32},
	publisher = {ACM Press},
	title = {Using object-oriented typing to support architectural design in the C2 style},
	year = {1996},
	blametag = {Georg}
}
@inproceedings{Anand-al:TACAS07,
	author = {Saswat Anand and Alessandro Orso and Mary Jean Harrold},
	booktitle = {Tools and Algorithms for Construction and Analysis of Systems (TACAS)},
	title = {Type-dependency Analysis and Program Transformation for Symbolic Execution},
	year = {2007},
	blametag = {William Deng}
}
@inproceedings{Ernst-al:ICSE00,
	author = {Michael D. Ernst and Adam Czeisler and William G. Griswold and David Notkin},
	booktitle = {Proceedings of the 22nd International Conference on on Software Engineering (ICSE)},
	month = {June},
	pages = {449-458},
	title = {Quickly detecting relevant program invariants},
	year = {2000}
}
@book{Gamma-al:BOOK95,
	author = {Erich Gamma and Richard Helm and Ralph Johnson and John Vlissides},
	month = {January},
	publisher = {Addison-Wesley Publishing Company},
	title = {Design Patterns},
	year = {1995},
	blametag = {Susheel}
}
@inproceedings{Malik-al:TACAS07,
	author = {Muhammad Zubair Malik and Aman Pervaiz and Sarfraz Khurshid},
	booktitle = {Tools and Algorithms for Construction and Analysis of Systems (TACAS)},
	title = {Generating Representation Invariants of Structurally Complex Data},
	year = {2007},
	blametag = {William Deng}
}
@inproceedings{Tillmann-Schulte:FSE05,
	author = {Nikolai Tillmann and Wolfram Schulte},
	booktitle = {ACM SIGSOFT Symposium on the Foundations of Software Engineering (FSE)},
	month = {May},
	title = {Parameterized Unit Tests},
	year = {2005},
	blametag = {William Deng}
}
@inproceedings{Xie-al:TACAS05,
	author = {Tao Xie and Darko Marinov and  Wolfram Schulte and David Notkin},
	booktitle = {Tools and Algorithms for Construction and Analysis of Systems (TACAS)},
	title = {Symstra: A Framework for Generating Object-Oriented Unit Tests using Symbolic Execution},
	year = {2005},
	blametag = {William}
}
@inproceedings{Engel-Haehnle:TAP07,
	author = {Christian Engel and Reiner H\"ahnle},
	booktitle = {Proc. Tests and Proofs (TAP)},
	title = {Generating Unit Tests from Formal Proofs},
	year = {2007},
	blametag = {William Deng}
}
@techreport{Deng-al:SAnToS-TR2007-3,
	author = {Xianghua Deng and Robby and John Hatcliff},
	institution = {Kansas State University, Department of Computing and Information Sciences},
	number = {SAnToS-TR2007-3},
	title = {Towards A Case-Optimal Symbolic Execution Algorithm for Analyzing Strong Properties of Object-Oriented Programs},
	year = {2007},
	blametag = {William Deng}
}
@inproceedings{Sen-al:FSE05,
	author = {Koushik Sen and Gul Agha},
	booktitle = {ACM SIGSOFT Symposium on the Foundations of Software Engineering (FSE)},
	pages = {263-272},
	title = {{CUTE}: A Concolic Unit Testing Engine for {C}},
	year = {2005},
	blametag = {William}
}
@article{Robby-al:STTT06,
	author = {Robby and Edwin Rodr\'{i}guez and Matthew B. Dwyer and John Hatcliff},
	journal = {International Journal on Software Tools for Technology Transfer},
	number = {3},
	pages = {263-272},
	title = {Checking {JML} Specifications Using An Extensible Software Model Checking Framework},
	volume = {8},
	year = {2006},
	blametag = {William Deng}
}
@inproceedings{Robby-al:FSE03,
	author = {Robby and Matthew B. Dwyer and John Hatcliff},
	booktitle = {Proceedings of the 9th European Software Engineering Conference held jointly with the 11th {ACM} {SIGSOFT} Symposium on the Foundations of Software Engineering},
	pages = {267-276},
	title = {{Bogor}: An Extensible and Highly-Modular Model Checking Framework},
	year = {2003},
	blametag = {Susheel}
}
@article{Michie:Nature68,
	author = {Donald Michie},
	journal = {Nature},
	month = {April},
	pages = {19-22},
	title = {Memo Functions and Machine Learning},
	volume = {218},
	year = {1968},
	blametag = {William Deng}
}
@article{Zhu-al:CSUR97,
	author = {Hong Zhu and Patrick A. V. Hall and John H. R. May},
	journal = {ACM Computing Surveys (CSUR)},
	number = {4},
	pages = {366--427},
	title = {Software unit test coverage and adequacy},
	volume = {29},
	year = {1997},
	blametag = {William Deng}
}
@inproceedings{Flanagan-al:PLDI02,
	author = {Cormac Flanagan and K. Rustan M. Leino and Mark Lillibridge and Greg Nelson and James B. Saxe and Raymie Stata},
	booktitle = {Proceedings of the {ACM SIGPLAN} Conference on Programming Language Design and Implementation},
	pages = {234--245},
	title = {Extended static checking for {Java}},
	year = {2002},
	blametag = {Susheel}
}
@inproceedings{Boyapati-al:ISSTA02,
	author = {Chandrasekhar Boyapati and Sarfraz Khurshid and Darko Marinov},
	booktitle = {Proceedings of the International Symposium on Software Testing and Analysis ({ISSTA})},
	pages = {123--133},
	publisher = {ACM Press},
	title = {{Korat}: automated testing based on {Java} predicates},
	year = {2002},
	blametag = {Susheel}
}
@inproceedings{Leavens-al:OOPSLA98,
	author = {Gary T. Leavens and Albert L. Baker and Clyde Ruby},
	booktitle = {Formal Underpinnings of {Java} Workshop},
	month = {October},
	title = {{JML}: a {Java} Modeling Language},
	year = {1998},
	blametag = {Susheel}
}
@inproceedings{Godefroid:POPL07,
	author = {Patrice Godefroid},
	booktitle = {Proceedings of ACM Symposium on Principles of Programming Languages},
	number = {1},
	pages = {47--54},
	publisher = {ACM Press},
	title = {Compositional dynamic test generation},
	volume = {42},
	year = {2007},
	blametag = {William Deng}
}
@book{GreeneKnuth:BOOK82,
	author = {Daniel H. Greene and Donald E. Knuth},
	edition = {second},
	publisher = {Birkh\"auser},
	title = {Mathematics for the Analysis of Algorithms},
	year = {1982},
	blametag = {William Deng}
}
@book{Knuth:BOOK98-3,
	author = {Donald E. Knuth},
	edition = {second},
	publisher = {Addison Wesley},
	title = {The Art of Computer Programming: Sorting and Searching},
	volume = {3},
	year = {1998}
}
@techreport{Ball:MSRTR2004-28,
	author = {Tomas Ball},
	institution = {Microsoft Research},
	title = {A theory of predicate-complete test coverage and generation},
	year = {2004},
	blametag = {William Deng}
}
@techreport{Ranganath-al:SAnToS-TR2007-2,
	author = {Venkatesh P. Ranganath and John Hatcliff and Robby},
	institution = {Kansas State University, Department of Computing and Information Sciences},
	title = {Enabling Efficient Partial Order Reductions for Model Checking Object-Oriented Programs Using Static Calculation of Program Dependences},
	year = {2007},
	blametag = {William Deng}
}
@inproceedings{Dwyer-al:CAV05,
	author = {Matthew B. Dwyer and John Hatcliff and Matthew Hoosier and Robby},
	booktitle = {Proceedings of the 17th International Conference on Computer Aided Verification},
	pages = {148-152},
	title = {Building Your Own Software Model Checker Using The Bogor Extensible Model Checking Framework},
	year = {2005},
	blametag = {William Deng}
}
@inproceedings{Robby-al:TAICPART06,
	author = {Robby and Matthew B. Dwyer and John Hatcliff},
	booktitle = {Testing:Academic and Industrial Conference Practice and Research Techniques},
	pages = {3-22},
	title = {Bogor: A Flexible Framework for Creating Software Model Checkers},
	year = {2006},
	blametag = {William Deng}
}
@inproceedings{Bosnacki:STTT02,
	author = {D. Bosnacki and D. Dams and L. Holenderski},
	booktitle = {International Journal on Software Tools for Technology Transfer ({STTT})},
	publisher = {Springer},
	title = {Symmetric {SPIN}},
	year = {2002},
	blametag = {Susheel}
}
@inproceedings{Brat-al:AV00,
	author = {G. Brat and K. Havelund and S. Park and W. Visser},
	booktitle = {Proceedings of the Workshop on Advances in Verification},
	month = {Jul},
	title = {{Java PathFinder} -- A second generation of a {Java} Model-checker},
	year = {2000},
	blametag = {Susheel}
}
@inproceedings{Baresi-al:ICSE07,
	author = {L. Baresi and C. Ghezzi and L. Mottola},
	booktitle = {29th International Conference on Software Engineering},
	title = {On Accurate Automatic Verification of Publish-Subscribe Architectures},
	year = {2007},
	blametag = {William Deng}
}
@inproceedings{Ojeda-al:AOSE07,
	author = {Juan C. Garcia-Ojeda and Scott A. DeLoach and Robby and Walamitien H. Oyenan and Jorge Valenzuela},
	booktitle = {AOSE},
	title = {{O-MaSE}: A Customizable Approach to Developing Multiagent Processes},
	year = {2007},
	blametag = {William Deng}
}
@inproceedings{Dwyer-al:ASE04,
	author = {Matthew B. Dwyer and Robby and Oksana Tkachuk and Willem Visser},
	booktitle = {19th IEEE International Conference on Automated Software Engineering (ASE 2004), 20-25 September 2004, Linz, Austria},
	pages = {154-163},
	publisher = {IEEE Computer Society},
	title = {Analyzing Interaction Orderings with Model Checking},
	year = {2004},
	blametag = {William Deng}
}
@inproceedings{Edwin-al:CASSIS04,
	author = {Edwin Rodr\'{\i}guez and Matthew B. Dwyer and John Hatcliff and Robby},
	booktitle = {Construction and Analysis of Safe, Secure, and Interoperable Smart Devices, International Workshop, CASSIS 2004},
	pages = {210-228},
	title = {A Flexible Framework for the Estimation of Coverage Metrics in Explicit State Software Model Checking},
	year = {2004},
	blametag = {William Deng}
}
@inproceedings{Hoosier-al:ISoLA04,
	author = {Matthew Hoosier and Matthew B. Dwyer and Robby and John Hatcliff},
	booktitle = {Leveraging Applications of Formal Methods, First International Symposium, ISoLA 2004},
	pages = {161-180},
	title = {A Case Study in Domain-Customized Model Checking for Real-Time Component Software},
	year = {2004},
	blametag = {William Deng}
}
@inproceedings{Robby-al:TACAS04,
	author = {Robby and Edwin Rodr\'{\i}guez and Matthew B. Dwyer and John Hatcliff},
	booktitle = {Tools and Algorithms for the Construction and Analysis of Systems, 10th International Conference, TACAS 2004},
	pages = {404-420},
	title = {Checking Strong Specifications Using an Extensible Software Model Checking Framework},
	year = {2004},
	blametag = {William Deng}
}
@inproceedings{LerdaVisser:SPIN01,
	author = {Flavio Lerda and Willem Visser},
	booktitle = {Model Checking Software, 8th International SPIN Workshop},
	pages = {80-102},
	title = {Addressing Dynamic Issues of Program Model Checking},
	year = {2001},
	blametag = {William Deng}
}
@article{Dwyer-al:FMSD04,
	author = {Matthew B. Dwyer and John Hatcliff and Robby and Venkatesh Prasad Ranganath},
	journal = {Formal Methods in System Design},
	number = {2-3},
	pages = {199-240},
	title = {Exploiting Object Escape and Locking Information in Partial-Order Reductions for Concurrent Object-Oriented Programs},
	volume = {25},
	year = {2004},
	blametag = {William Deng}
}
@inproceedings{Dwyer-al:ICSEFoSE07,
	author = {Matthew B. Dwyer and John Hatcliff and Corina Pasareanu and Robby and Willem Visser},
	booktitle = {ICSE FoSE},
	title = {Formal Software Analysis: Emerging Trends in Software Model Checking},
	year = {2007},
	blametag = {William Deng}
}
@misc{ACL2:URL,
	author = {Matt Kaufmann and J Strother Moore},
	howpublished = {\url|http://www.cs.utexas.edu/users/moore/acl2/|},
	title = {{ACL2} Website},
	blametag = {William Deng}
}
@misc{APRON:URL,
	howpublished = {\url|http://apron.cri.ensmp.fr/library/|},
	title = {{APRON} Website},
	blametag = {William Deng}
}
@inproceedings{Robby-al:FASE06,
	author = {Robby and Scott A. DeLoach and Valeriy A. Kolesnikov},
	booktitle = {Fundamental Approaches to Software Engineering, 9th International Conference, FASE 2006},
	pages = {184-198},
	title = {Using Design Metrics for Predicting System Flexibility},
	year = {2006},
	blametag = {William Deng}
}
@inproceedings{Deng-al:SEFM07,
	author = {Xianghua Deng and Robby and John Hatcliff},
	booktitle = {Proceedings of the 5th IEEE International Conference on Software Engineering and Formal Methods},
	title = {Towards A Case-Optimal Symbolic Execution Algorithm for Analyzing Strong Properties of Object-Oriented Programs},
	year = {2007},
	blametag = {William Deng}
}
@inproceedings{Visser-al:ISSTA04,
	author = {Willem Visser and Corina S. Pasareanu and Sarfraz Khurshid},
	booktitle = {Proceedings of the International Symposium on Software Testing and Analysis (ISSTA)},
	title = {Test Input Generation in {Java Pathfinder}},
	year = {2004},
	blametag = {William Deng}
}
@book{Myers-al:BOOK04,
	author = {Glenford J. Myers and Corey Sandler and Tom Badgett and Todd M. Thomas},
	edition = {2},
	month = {June},
	publisher = {John Wiley \&amp; Sons},
	title = {The Art of Software Testing},
	year = {2004},
	blametag = {William}
}
@inproceedings{Cheon-Leavens:SERP02,
	author = {Yoonsik Cheon and Gary T. Leavens},
	booktitle = {Proceedings of the International Conference on Software Engineering Research and Practice},
	title = {A Runtime Assertion Checker for the {Java Modeling Language}},
	year = {2002},
	blametag = {Susheel}
}
@inproceedings{Marinov-Khurshid:ASE01,
	author = {Darko Marinov and Sarfraz Khurshid},
	booktitle = {16th IEEE Conference on Automated Software Engineering (ASE 2001)},
	title = {{TestEra}: A Novel Framework for Automated Testing of {Java} Programs},
	year = {2001},
	blametag = {William}
}
@article{Childs-al:IEEE-Computer06,
	author = {Adam Childs and Jesse Greenwald and Georg Jung and Matthew Hoosier and John Hatcliff},
	journal = {{IEEE} Computer},
	month = {February},
	number = {2},
	pages = {42-50},
	title = {CALM and Cadena: Metamodeling for Component-Based Product-Line Development},
	volume = {39},
	year = {2006},
	blametag = {Georg}
}
@inproceedings{Magee-al:ESEC95,
	author = {Jeff Magee and Naranker Dulay and Susan Eisenbach and Jeff Kramer},
	booktitle = {Proceedings of the 5th European Software Engineering Conference},
	month = {September},
	pages = {137-153},
	publisher = {Springer},
	series = {Lecture Notes in Computer Science},
	title = {Specifying Distributed Software Architectures},
	volume = {989},
	year = {1995},
	blametag = {Georg}
}
@inproceedings{Shaw:WSSD93,
	author = {Mary Shaw},
	booktitle = {Selected papers from the Workshop on Studies of Software Design},
	editor = {David Alex Lamb},
	pages = {17--32},
	publisher = {Springer},
	series = {Lecture Notes in Computer Science},
	title = {Procedure Calls Are the Assembly Language of Software Interconnection: Connectors Deserve First-Class Status},
	volume = {1078},
	year = {1993},
	blametag = {Georg}
}
@book{Rosen:Book98,
	author = {Kenneth H. Rosen},
	edition = {4th},
	month = {December},
	publisher = {McGraw-Hill Science/Engineering/Math},
	title = {Discrete Mathematics and its Applications},
	year = {1998},
	blametag = {William Deng}
}
@misc{OMG:MDA,
	author = {{Object Management Group}},
	howpublished = {\url+http://www.omg.org/cgi-bin/apps/doc?omg/03-06-01.pdf+},
	title = {{MDA} Guide Version 1.0.1},
	blametag = {Georg}
}
@book{Hoare:BOOK85,
	author = {Charles Antony Richard Hoare},
	publisher = {Prentice Hall International},
	title = {Communicating Sequential Processes},
	year = {1985},
	blametag = {Georg}
}
@book{Schmidt:BOOK94,
	author = {Dave A Schmidt},
	publisher = {{MIT} Press},
	series = {Foundations of Computing},
	title = {The Structure of Typed Programming Languages},
	year = {1994},
	blametag = {Georg}
}
@misc{OpenCCM:Web,
	howpublished = {\url+http://openccm.objectweb.org/+},
	title = {OpenCCM - The Open CORBA Component Model Platform},
	blametag = {Georg}
}
@misc{CIAO:Web,
	howpublished = {\url+http://www.cse.wustl.edu/~nanbor/projects/CIAO/+},
	title = {{CIAO} -- Component-Integrated {ACE} {ORB}},
	blametag = {Georg}
}
@misc{MicroCCM:Web,
	howpublished = {\url+http://www.fpx.de/MicoCCM/+},
	title = {The {MICO} {CORBA} Component Project},
	blametag = {Georg}
}
@misc{EJCCM:Web,
	howpublished = {\url+http://www.cpi.com/ejccm/+},
	title = {Enterprise Java {CORBA} Component Model},
	blametag = {Georg}
}
@book{Budinsky:BOOK03,
	author = {Frank Budinsky and David Steinberg and Ed Merks and Raymond Ellersick and Timothy J Grose},
	publisher = {Addison Wesley Professional},
	series = {The Eclipse Series},
	title = {Eclipse Modeling Framework},
	year = {2003},
	blametag = {Georg}
}
@misc{EMF:Web,
	howpublished = {\url{http://www.eclipse.org/modeling/emf/}},
	title = {Eclipse Modeling Framework Project ({EMF})},
	blametag = {Georg}
}
@inproceedings{Ren-al:OOPSLA04,
	author = {Xiaoxia Ren and Fenil Shah and Frank Tip and Barbara G. Ryder and Ophelia Chesley},
	booktitle = {Proceedings of the 19th Annual {ACM} Conference on Object-Oriented Programming, Systems, Languages and Applications},
	month = {October},
	pages = {432-448},
	publisher = {ACM Press},
	title = {Chianti: A Tool for Change Impact Analysis of Java Programs},
	year = {2004},
	blametag = {Sam Procter}
}
@inproceedings{Harrold-al:OOPSLA01,
	author = {Mary Jean Harrold and James A. Jones and Tongyu Li and Donglin Liang and Alessandro Orso and Maikel Pennings and Saurabh Sinha and S. Alexander Spoon and Ashish Gujarathi},
	booktitle = {Proceedings of the ACM Conference on Object-Oriented Programming, Systems, Languages, and Applications (OOPSLA01)},
	publisher = {ACM Press},
	title = {Regression Test Selection for Java Software},
	year = {2001},
	blametag = {Sam Procter}
}
@inproceedings{Elbaum-al:IEEE-TSE,
	author = {Sebastian Elbaum and Alexey G. Malishevsky and Gregg Rothermel},
	booktitle = {IEEE Trasnsactions on Software Engineering},
	month = {February},
	number = {2},
	pages = {159-182},
	series = {28},
	title = {Test Case Prioritization: A Family of Empirical Studies},
	year = {2002},
	blametag = {Sam Procter}
}
@inproceedings{Orso-al:SIGSOFT,
	author = {Alessandro Orso and Nanjuan Shi and Mary Jean Harrold},
	address = {Newport Beach, CA, USA},
	booktitle = {Proceedings of the 12th ACM SIGSOFT Twelfth International Symposium on Foundations of Software Engineering},
	month = {October},
	publisher = {ACM Press},
	title = {Scaling Regression Testing to Large Software Systems},
	year = {2004},
	blametag = {Sam Procter}
}
@inproceedings{Dwyer-al:EMSOFT03,
	author = {Matthew B. Dwyer and Robby and Xianghua Deng and John Hatcliff},
	booktitle = {Proceedings of the 3rd International Conference on Embedded Software},
	month = {October},
	pages = {173-189},
	publisher = {Springer},
	series = {Lecture Notes in Computer Science},
	title = {Space Reductions for Model Checking Quasi-Cyclic Systems},
	volume = {2855/2003},
	year = {2003},
	blametag = {Georg}
}
@misc{Bogor:URL,
	howpublished = {\url+http://bogor.projects.cis.ksu.edu+},
	title = {{Bogor}  Software Model Checking Framework},
	blametag = {Georg}
}
@inproceedings{Hatcliff-al:PEPM03,
	author = {John Hatcliff and William Deng and Matthew B. Dwyer and Georg Jung and Venkatesh Prasad Ranganath and Robby},
	booktitle = {Proceedings of the 2003 ACM SIGPLAN workshop on Partial evaluation and semantics-based program manipulation ({PEPM})},
	pages = {1-2},
	publisher = {ACM Press},
	title = {Slicing and partial evaluation of {CORBA} component model designs for avionics system},
	year = {2003},
	blametag = {Georg}
}
@inproceedings{Jung-al:FASE04,
	author = {Georg Jung and John Hatcliff and Venkatesh Prasad Ranganath},
	booktitle = {7th International Conference on Fundamental Approaches to Software Engineering ({FASE})},
	editor = {Michel Wermelinger and Tiziana Margaria},
	pages = {144--159},
	publisher = {Springer},
	series = {Lecture Notes in Computer Science},
	title = {A Correlation Framework for the {CORBA} Component Model},
	volume = {2984},
	year = {2004},
	blametag = {Georg}
}
@inproceedings{Deng-al:FMCO02,
	author = {Xianghua Deng and Matthew B. Dwyer and John Hatcliff and Georg Jung and Robby},
	booktitle = {Proceedings of the 1st International Symposium on Formal Methods for Components and Objects ({FMCO})},
	month = {November},
	pages = {154-181},
	publisher = {Springer},
	series = {Lecture Notes in Computer Science},
	title = {Model-checking Middleware-based Event-driven Real-time Embedded Software},
	volume = {2852/2003},
	year = {2002},
	blametag = {Georg}
}
@inproceedings{Hatcliff-al:FASE04,
	author = {Adam Childs and Jesse Greenwald and Venkatesh Prasad Ranganath and Xianghua Deng and Matthew B. Dwyer and John Hatcliff and Georg Jung and Prashant Shanti Kumar and Gurdip Singh},
	booktitle = {Proceedings of the 7th International Conference on Fundamental Approaches to Software Engineering ({FASE})},
	editor = {Michel Wermelinger and Tiziana Margaria},
	pages = {160--164},
	publisher = {Springer},
	series = {Lecture Notes in Computer Science},
	title = {{Cadena}: An Integrated Development Environment for Analysis, Synthesis, and Verification of Component-Based Systems},
	volume = {2984},
	year = {2004},
	blametag = {Georg}
}
@inproceedings{Hatcliff-al:ICSE03,
	author = {John Hatcliff and William Deng and Matthew Dwyer and Georg Jung and Venkatesh Prasad Ranganath},
	booktitle = {Proceedings of the 25th International Conference on Software Engineering ({ICSE})},
	month = {May},
	pages = {160--173},
	publisher = {{IEEE} Computer Society Press},
	title = {{Cadena}: An Integrated Development, Analysis, and Verification Environment for Component-based Systems},
	volume = {841},
	year = {2003},
	blametag = {Georg}
}
@misc{PCES-demo:PressRelease,
	howpublished = {\url+http://www.darpa.gov/body/news/2005/pces_demo.pdf+},
	month = {April},
	title = {{DARPA} Demonstrates Network Centric Technologies},
	year = {2005},
	blametag = {Georg}
}
@inproceedings{Demartini-al:SPIN99,
	author = {Claudio Demartini and Radu Iosif and Riccardo Sisto},
	booktitle = {Proceedings of the 5th and 6th International {SPIN} Workshops on Theoretical and Practical Aspects of {SPIN} Model Checking},
	editor = {Dennis Dams and Rob Gerth and Stefan Leue and Mieke Massink},
	month = {September},
	pages = {261--276},
	publisher = {Springer},
	series = {Lecture Notes In Computer Science},
	title = {{dSPIN}: A Dynamic Extension of {SPIN}},
	volume = {1680},
	year = {1999},
	blametag = {Georg}
}
@misc{OMG:UML-Notation,
	howpublished = {\url+ftp://ftp.omg.org/pub/docs/ad/97-08-05.pdf+},
	month = {September},
	title = {{UML} Notation Guide (version 1.1)},
	year = {1997},
	blametag = {Georg}
}
@inproceedings{Garlan-Khersonsky:IWSSD00,
	author = {David Garlan and Serge Khersonsky},
	booktitle = {Proceedings of the 10th International Workshop on Software Specification and Design ({SSAD})},
	month = {November},
	pages = {23--30},
	publisher = {IEEE Computer Society},
	title = {Model Checking Implicit-Invocation Systems},
	year = {2000},
	blametag = {Georg}
}
@incollection{Garlan-al:BookChap00,
	author = {David Garlan and Robert T. Monroe and David Wile},
	booktitle = {Foundations of component-based systems},
	editor = {Gary T Leavens and Murali Sitaraman},
	pages = {47--67},
	publisher = {Cambridge University Press},
	title = {Acme: Architectural Description of Component-Based Systems},
	year = {2000},
	blametag = {Georg}
}
@article{Allen-Garlan:TOSEM97,
	author = {Robert Allen and David Garlan},
	journal = {{ACM} Transactions on Software Engineering and Methodology},
	month = {July},
	number = {3},
	pages = {213-249},
	title = {A Formal Basis for Architectural Connection},
	volume = {6},
	year = {1997},
	blametag = {Georg}
}
@article{Abowd-al:TOSEM95,
	author = {Gregory D Abowd and Robert Allen and David Garlan},
	journal = {{ACM} Transactions on Software Engineering and Methodology ({TOSEM})},
	number = {4},
	pages = {319-364},
	title = {Formalizing style to understand descriptions of software architecture},
	volume = {4},
	year = {1995},
	blametag = {Georg}
}
@inproceedings{Abowd-al:FSE93,
	author = {Gregory D Abowd and Robert Allen and David Garlan},
	booktitle = {Proceedings of the 1st {ACM} {SIGSOFT} symposium on Foundations of Software Engineering ({FSE})},
	pages = {9-20},
	publisher = {ACM Press},
	title = {Using style to understand descriptions of software architecture},
	year = {1993},
	blametag = {Georg}
}
@inproceedings{Dashofy-al:ICSE02,
	author = {Eric M. Dashofy and Andr{\'e} van der Hoek and Richard N. Taylor},
	booktitle = {Proceedings of the 24th International Conference on Software Engineering ({ICSE})},
	pages = {266--276},
	publisher = {{ACM} Press},
	title = {An infrastructure for the rapid development of {XML}-based architecture description languages},
	year = {2002},
	blametag = {Georg}
}
@book{Frankel:Book03,
	author = {David S Frankel},
	publisher = {Wiley},
	title = {Model Driven Architecture: Applying {MDA} to Enterprise Computing},
	year = {2003},
	blametag = {Georg}
}
@inproceedings{Gokhale-al:OOPSLA04,
	author = {Aniruddha Gokhale and Krishnakumar Balasubramanian and Tao Lu},
	booktitle = {Companion to the 19th annual {ACM} {SIGPLAN} conference on Object-oriented programming systems, languages, and applications ({OOPSLA})},
	pages = {218--219},
	publisher = {{ACM} Press},
	title = {{CoSMIC}: addressing crosscutting deployment and configuration concerns of distributed real-time and embedded systems},
	year = {2004},
	blametag = {Georg}
}
@inproceedings{Ledeczi-al:ISP01,
	author = {{\'A}kos L{\'e}deczi and Mikl{\'o}s Mar{\'o}ti and Arpad Bakay and Gabor Karsai and Jason Garrett and Charles Y. Thomason and Greg G. Nordstrom and P{\'e}ter V{\"o}lgyesi},
	booktitle = {Proceedings of the Workshop on Intelligent Signal Processing},
	month = {May},
	title = {The Generic Modeling Environment},
	year = {2001},
	blametag = {Georg}
}
@inproceedings{Clements:IWSSD96,
	author = {Paul C Clements},
	booktitle = {Proceedings of the 8th International Workshop on Software Specification and Design (IWSSD)},
	organization = {SIGSOFT},
	pages = {16--25},
	publisher = {IEEE Computer Society},
	title = {A Survey of Architecture Description Languages},
	year = {1996},
	blametag = {Georg}
}
@inproceedings{Dashofy-al:ICSE99,
	author = {Eric M Dashofy and Nenad Medvidovic and Richard N Taylor},
	booktitle = {Proceedings of the 21st international conference on Software engineering (ICSE)},
	pages = {3--12},
	publisher = {IEEE Computer Society Press},
	title = {Using off-the-shelf middleware to implement connectors in distributed software architectures},
	year = {1999},
	blametag = {Georg}
}
@inproceedings{Garlan-al:FSE94,
	author = {David Garlan and Robert Allen and John Ockerbloom},
	booktitle = {Proceedings of the 2nd {ACM} {SIGSOFT} symposium on Foundations of Software Engineering ({FSE})},
	pages = {175-188},
	publisher = {{ACM} Press},
	title = {Exploiting Style in Architectural Design Environments},
	year = {1994},
	blametag = {Georg}
}
@article{Binns-al:IJSEKE,
	author = {Pam Binns and  Matt Englehart and  Mike Jackson and Steve Vestal},
	journal = {International Journal of Software Engineering and Knowledge Engineering},
	number = {2},
	pages = {201-227},
	title = {Domain-Specific Software Architectures for Guidance, Navigation and Control},
	volume = {6},
	year = {1996},
	blametag = {Georg}
}
@article{Moriconi-al:IEEE-TSE95,
	author = {Mark Moriconi and Xiaolei Qian and Robert A Riemenschneider},
	journal = {IEEE Transactions on Software Engineering},
	month = {April},
	number = {4},
	pages = {356-372},
	title = {Correct Architecture Refinement},
	volume = {21},
	year = {1995},
	blametag = {Georg}
}
@inproceedings{Shaw-al:ICCDS96,
	author = {Mary Shaw and Robert DeLine and Gregory Zelesnik},
	booktitle = {Proceedings of the 3rd International Conference on Configurable Distributed Systems ({ICCDS})},
	pages = {2--10},
	publisher = {{IEEE} Computer Society},
	title = {Abstractions and Implementations forArchitectural Connections},
	year = {1996},
	blametag = {Georg}
}
@article{Shaw:STTT04,
	author = {Mary Shaw},
	journal = {International Journal on Software Tools for Technology Transfer ({STTT})},
	month = {October},
	number = {1},
	pages = {1--7},
	title = {What makes good research in software engineering?},
	volume = {4},
	year = {2004},
	blametag = {Georg}
}
@techreport{Medvidovic-al:UCI-ICS-98-14,
	author = {Nenad Medvidovic and David S Rosenblum and Richard N Taylor},
	institution = {Department of Information and Computer Science, University of California, Irvine},
	month = {Febuary},
	number = {UCI-ICS-98-14},
	title = {A Type Theory for Software Architectures},
	type = {Technical Report},
	year = {1998},
	blametag = {Georg}
}
@inproceedings{Heitmeyer-al:CCS06,
	author = {Constance L. Heitmeyer and Myla Archer and Elizabeth I. Leonard and John McLean},
	booktitle = {13th ACM Conference on Computer and Communications Security (CCS'06)},
	pages = {346--355},
	title = {Formal Specification and Verification of Data Separation in a Separation Kernel for an Embedded System},
	year = {2006},
	blametag = {Torben Amtoft}
}
@inproceedings{Amtoft-al:POPL06,
	author = {Torben Amtoft and Sruthi Bandhakavi and Anindya Banerjee},
	booktitle = {33rd Principles of Programming Languages (POPL)},
	pages = {91--102},
	title = {A Logic for Information Flow in Object-Oriented Programs},
	year = {2006},
	blametag = {Torben}
}
@article{Amtoft:IPL07,
	author = {Torben Amtoft},
	journal = {Information Processing Letters},
	note = {To appear},
	title = {Slicing for Modern Program Structures: a Theory for Eliminating Irrelevant Loops},
	year = {2007},
	blametag = {Torben}
}
@inproceedings{Ranganath-Hatcliff:CC04,
	author = {Venkatesh Prasad Ranganath and John Hatcliff},
	booktitle = {13th International Conference on Compiler Construction (CC)},
	editor = {Evelyn Duesterwald},
	pages = {39--56},
	publisher = {Springer},
	series = {LNCS},
	title = {Pruning Interference and Ready Dependences for Slicing Concurrent {J}ava Programs},
	volume = {2985},
	year = {2004},
	blametag = {Torben}
}

@misc{Indus:URL,
	author = {Venkatesh Prasad Ranganath},
	howpublished = {\url+http://indus.projects.cis.ksu.edu+},
	title = {{I}ndus},
	blametag = {Torben}
}

@misc{HiLite:URL,
	key = {Hi-Lite},
	howpublished = {\url{http://www.open-do.org/projects/hi-lite/}},
	title = {The {AdaCore} {Hi-Lite} project}
}

@misc{CodePeer:URL,
	key = {CodePeer},
	howpublished = {\url{http://www.adacore.com/home/products/codepeer/toolset/}},
	title = {{AdaCore}/{SofCheck} {CodePeer} tool set}
}

@misc{Coq:URL,
	key = {Coq},
	howpublished = {\url{http://coq.inria.fr/}},
	title = {The {Coq} Proof Assistant}
}

@inproceedings{Filliatre-al:CAV2007,
 author = {Filli\^{a}tre, Jean Christophe and March\'{e}, Claude},
 title = {The Why/Krakatoa/Caduceus platform for deductive program verification},
 booktitle = {Proceedings of the 19th international conference on Computer aided verification},
 series = {CAV'07},
 year = {2007},
 isbn = {978-3-540-73367-6},
 location = {Berlin, Germany},
 pages = {173--177},
 numpages = {5},
 publisher = {Springer-Verlag},
 address = {Berlin, Heidelberg},
} 

@article{Vanfleet-al:CrossTalk05,
	author = {Mark Vanfleet and Jahn Luke and R. William Beckwith and Carol Taylor and Ben Calloni and Gordon Uchenick},
	journal = {CrossTalk: The Journal of Defense Software Engineering},
	month = {August},
	title = {{MILS}: Architecture for High-Assurance Embedded Computing},
	year = {2005},
	blametag = {Torben}
}
@techreport{Rushby:SRICSL-TR-Mod-Cert02,
	author = {John Rushby},
	address = {Menlo Park, CA 94025, US},
	institution = {Computer Science Laboratory, SRI International},
	month = {September},
	title = {Modular Certification},
	year = {2001},
	blametag = {Torben}
}
@article{Ranganath-Hatcliff:STTT07,
	author = {Venkatesh Prasad Ranganath and John Hatcliff},
	journal = {International Journal on Software Tools for Technology Transfer ({STTT})},
	month = {October},
	note = {Special section FASE'04/05},
	number = {5-6},
	pages = {489--504},
	title = {Slicing Concurrent {J}ava Programs using {I}ndus and {K}averi},
	volume = {9},
	year = {2007},
	blametag = {John, Torben}
}
@inproceedings{Ranganath-al:ESOP05,
	author = {Venkatesh Prasad Ranganath and Torben Amtoft and Anindya Banerjee and Matthew B. Dwyer and John Hatcliff},
	booktitle = {14th European Symposium on Programming (ESOP)},
	editor = {Mooly Sagiv},
	month = {April},
	pages = {77--93},
	publisher = {Springer},
	series = {LNCS},
	title = {A New Foundation For Control-Dependence and Slicing for Modern Program Structures},
	volume = {3444},
	year = {2005},
	blametag = {Torben}
}
@phdthesis{Ranganath:PhD06,
	author = {Venkatesh Prasad Ranganath},
	month = {December},
	school = {Kansas State University},
	title = {Scalable and Accurate Approaches to Program Dependence Analysis, Slicing, and Verification of Concurrent Object Oriented Programs},
	year = {2006},
	blametag = {Torben}
}
@inproceedings{Amtoft-Banerjee:SAS04,
	author = {Torben Amtoft and Anindya Banerjee},
	booktitle = {11th Static Analysis Symposium ({SAS})},
	pages = {100--115},
	publisher = {Springer},
	series = {LNCS},
	title = {Information Flow Analysis in Logical Form},
	volume = {3148},
	year = {2004},
	blametag = {Georg, Torben}
}
@inproceedings{Amtoft-al:FMSE07,
	author = {Torben Amtoft and Anindya Banerjee},
	booktitle = {5th ACM Workshop on Formal Methods in Security Engineering (FMSE)},
	title = {Verification Condition Generation for Conditional Information Flow},
	year = {2007},
  pages = 	 {2--11},
        note = {A long version, with proofs, appears as technical report KSU CIS TR 2007-2.},
	blametag = {Torben}
}
@article{Ranganath-al:TOPLAS07,
	author = {Venkatesh Prasad Ranganath and Torben Amtoft and Anindya Banerjee and John Hatcliff and Matthew B. Dwyer},
	journal = {TOPLAS},
	month = {August},
	note = {A special issue with extended versions of selected papers from the 14th European Symposium on Programming (ESOP'05)},
	number = {5},
	title = {A New Foundation for Control Dependence and Slicing for Modern Program Structures},
	volume = {29},
	year = {2007},
	blametag = {Torben}
}
@book{Jackson-al:NRC-CDSS07,
	editor = {Daniel Jackson and Martyn Thomas and Lynette I. Millett},
	month = {May},
	note = {Committee on Certifiably Dependable Software Systems, National Research Council},
	publisher = {National Academies Press},
	title = {Software for Dependable Systems: Sufficient Evidence?},
	year = {2007},
	blametag = {Torben}
}
@book{Goertzel-al:SSA-SOAR07,
	address = {iatac@dtic.mil, 703-984-0775},
	editor = {Karen Mercedes Goertzel},
	month = {July},
	publisher = {Information Assurance Technology Analysis Center ({IATAC})},
	title = {Software Security Assurance: A State-of-the-Art Report ({SOAR})},
	year = {2007},
	blametag = {Torben}
}
@misc{Rushby-Delong:Slides-ICCC07,
	author = {John Rushby and Rance DeLong},
	howpublished = {\url{http://www.csl.sri.com/~rushby/slides/iccc07.pdf}},
	title = {Compositional Security Evaluation: The {MILS} Approach},
	blametag = {Torben}
}
@inproceedings{GWV:ACL2-2003,
	author = {David Greve and Matthew Wilding and W. Mark Vanfleet},
	booktitle = {4th International Workshop on the ACL2 Prover and its Applications (ACL2-2003)},
	title = {A Separation Kernel Formal Security Policy},
	year = {2003},
	blametag = {Torben}
}
@article{Sagiv-al:TOPLAS02,
	author = {Mooly Sagiv and Thomas Reps and Reinhard Wilhelm},
	journal = {TOPLAS},
	note = {A preliminary version appeared in POPL 1999, pages 105--118},
	number = {3},
	pages = {217--298},
	title = {Parametric Shape Analysis via 3-Valued Logic},
	volume = {24},
	year = {2002},
	blametag = {Torben}
}
@inproceedings{OHearn-al:CSL01,
	author = {Peter O'Hearn and John Reynolds and Hongseok Yang},
	booktitle = {15th International Workshop on Computer Science Logic (CSL'01)},
	pages = {1--19},
	publisher = {Springer},
	series = {LNCS},
	title = {Local Reasoning about Programs that Alter Data Structures},
	volume = {2142},
	year = {2001},
	blametag = {Torben}
}
@inproceedings{Deng-al:ASE06,
	author = {Xianghua Deng and  Jooyong Lee and  Robby},
	booktitle = {21st IEEE/ACM International Conference on Automated Software Engineering (ASE)},
	pages = {157--166},
	title = {{Bogor/Kiasan}: A $k$-bounded Symbolic Execution for Checking Strong Heap Properties of Open Systems},
	year = {2006},
	blametag = {William, Torben}
}
@inproceedings{Deng-al:TAICPART07,
	author = {Xianghua Deng and Robby and John Hatcliff},
	booktitle = {Testing: Academic and Industrial Conference -- Practice and Research Techniques},
	title = {{Kiasan/KUnit}: Automatic Test Case Generation and Analysis Feedback for Open Object-oriented Systems},
	year = {2007},
	blametag = {Torben}
}
@inproceedings{Hatcliff-al:SAS99,
	author = {John Hatcliff and James C. Corbett and Matthew B. Dwyer and Stefan Sokolowski and Hongjun Zheng},
	booktitle = {6th International Static Analysis Symposium (SAS)},
	month = {September},
	pages = {1--18},
	publisher = {Springer},
	series = {LNCS},
	title = {A Formal Study of Slicing for Multi-threaded Programs with {JVM} Concurrency Primitives},
	volume = {1694},
	year = {1999},
	blametag = {Susheel, Torben}
}
@inproceedings{Bauer-al:SOUPS07,
	author = {Lujo Bauer and Lorrie Faith Cranor and Michael K. Reiter and Kami Vaniea},
	booktitle = {3rd Symposium On Usable Privacy and Security},
	month = {July},
	pages = {64--75},
	publisher = {ACM Press},
	title = {Lessons Learned from the Deployment of a Smartphone-based Access-control System},
	year = {2007},
	blametag = {Torben}
}
@inproceedings{Rodriguez-al:ECOOP05,
	author = {Edwin Rodr\'{i}guez and Matthew B. Dwyer and Cormac Flanagan and John Hatcliff and Gary T. Leavens and Robby},
	booktitle = {19th European Conference on Object-Oriented Programming (ECOOP)},
	pages = {551--576},
	publisher = {Springer},
	series = {LNCS},
	title = {Extending {JML} for Modular Specification and Verification of Multi-Threaded Programs},
	volume = {3586},
	year = {2005},
	blametag = {robby, Torben}
}
@book{ACL2:BOOK00,
	author = {Matt Kaufmann and Panagiotis Manolios and J Strother Moore},
	publisher = {Kluwer Academic Publishers},
	title = {Computer-Aided Reasoning: An Approach},
	year = {2000},
	blametag = {Torben}
}
@inproceedings{Necula:POPL97,
	author = {George C. Necula},
	booktitle = {24th {ACM} {SIGPLAN}-{SIGACT} Symposium on Principles of Programming Languages (POPL), Paris, France},
	pages = {106--119},
	publisher = {{ACM} Press},
	title = {Proof-Carrying Code},
	year = {1997},
	blametag = {Torben}
}
@inproceedings{Appel:LICS01,
	author = {Andrew W. Appel},
	booktitle = {16th Annual IEEE Symposium on Logic in Computer Science (LICS), Boston, Massachusetts},
	note = {Invited talk},
	publisher = {IEEE Computer Society},
	title = {Foundational Proof-Carrying Code},
	year = {2001},
	blametag = {Torben}
}
@inproceedings{Cohen:FM06,
	author = {Ernie Cohen},
	booktitle = {Formal Methods (FM)},
	note = {Invited talk},
	pages = {81},
	publisher = {Springer},
	series = {LNCS},
	title = {Validating the {M}icrosoft {H}ypervisor},
	volume = {4085},
	year = {2006},
	blametag = {Torben}
}
@article{Boettcher-al:Raytheon-TT07,
	author = {Carolyn Boettcher and Kenneth Kung and Jerry Lebowitz and Kevin Cariker},
	journal = {Raytheon Technology Today},
	title = {The Benefits of Multi-Level Security},
	volume = {2},
	year = {2007},
	blametag = {Torben}
}
@techreport{Amtoft-al:SAnToS-TR2007-5,
	author = {Torben Amtoft and John Hatcliff and Edwin Rodr\'{i}guez and Robby and Jonathan Hoag and David Greve},
	institution = {KSU CIS},
	number = {SAnToS-TR2007-5},
	title = {Specification and Checking of Software Contracts for Conditional Information Flow (extended version)},
	year = {2007},
	note = {Available at \url|http://www.sireum.org|},
	blametag = {Torben}
}
@inproceedings{Ou-al:USENIXSS05,
	author = {Xinming Ou and Sudhakar Govindavajhala and Andrew W. Appel},
	booktitle = {14th USENIX Security Symposium},
	title = {{MulVAL}: A logic-based network security analyzer},
	year = {2005},
	blametag = {Torben}
}
@inproceedings{Appel-Felten:CCS99,
	author = {Andrew W. Appel and Edward W. Felten},
	booktitle = {6th ACM Conference on Computer and Communications Security (CCS)},
	pages = {52--62},
	title = {Proof-Carrying Authentication},
	year = {1999},
	blametag = {Torben}
}
@inproceedings{Vanfleet-Backwith:SSTC04,
	author = {W. Mark Vanfleet and Bill Beckwith},
	booktitle = {The Joint Services Systems and Software Technology Conference (SSTC)},
	note = {Powerpoint briefing available from http://www.sstc-online.org/proceedings/2004/PDFFiles/BB455.pdf},
	title = {High-Assurance, Real-Time, {MILS/MSLS/MLS}, {POSIX} Workstation Architecture},
	year = {2004},
	blametag = {Torben}
}
@article{Rothermel-Harrold:IEEE-TSE,
	author = {Greg Rothermel and Mary Jean Harrold},
	journal = {IEEE Transactions on Software Engineering},
	month = {June},
	number = {6},
	pages = {401-419},
	title = {Empirical Studies of a Safe Regression Test Selection Technique},
	volume = {24},
	year = {1998},
	blametag = {Sam Procter, Torben}
}
@inproceedings{Law-Rothermel:ICSE,
	author = {James Law and Gregg Rothermel},
	booktitle = {Proceedings of the 25th International Conference on Software Engineering},
	pages = {308-318},
	publisher = {IEEE Computer Society},
	title = {Whole Program Path-Based Dynamic Impact Analysis},
	year = {2003},
	blametag = {Sam Procter}
}
@article{Do-al:ESE06,
	author = {Hyunsook Do and Gregg Rothermel and Alex Kinneer},
	journal = {Empirical Software Engineering},
	month = {March},
	number = {1},
	pages = {33-70},
	title = {Prioritizing JUnit Test Cases: An Empirical Assessment and Cost-Benefits Analysis},
	volume = {11},
	year = {2006},
	blametag = {Sam Procter, Torben}
}
@misc{PCSPP-OI05,
	author = {Objective Interface Systems},
	month = {December},
	note = {Draft V0.85},
	title = {Protection Profile for Partitioning Communications Systems in Environments Requiring High Robustness},
	year = {2005},
	blametag = {Torben}
}
@incollection{Feiler-al-AADL:WADL05,
	author = {Peter H. Feiler and Bruce Lewis and Steve Vestal and Ed Colbert},
	booktitle = {Workshop on Architecture Description Languages (WADL)},
	pages = {3--15},
	publisher = {Springer},
	series = {IFIP International Federation for Information Processing},
	title = {An Overview of the {SAE} Architecture Analysis and Design Language ({AADL}) Standard: A Basis for Model-Based Architecture-Driven Embedded Systems Engineering},
	volume = {176},
	year = {2005},
	blametag = {Torben}
}

%%% Additions

@Article{Amt+Ban:SCP-2007,
  author = 	 {Torben Amtoft and Anindya Banerjee},
  title = 	 {A Logic for Information Flow Analysis with an Application to Forward Slicing of Simple Imperative Programs},
  journal = 	 {Science of Comp. Prog.},
  year = 	 {2007},
  volume = 	 {64},
  number = 	 {1},
  pages = 	 {3--28}
}

@InProceedings{Goguen-Meseguer:SSP82,
  author = 	 {Joseph A. Goguen and Jos{\'{e}} Meseguer},
  title = 	 {Security Policies and Security Models},
  booktitle = 	 {{IEEE} Symposium on Security and Privacy},
  pages = 	 {11--20},
  year = 	 {1982}
}

@InProceedings{ Chap+Hil:SIGADA-2004,
  author = 	 {Roderick Chapman and Adrian Hilton},
  title = 	 {Enforcing Security and Safety Models with an Information Flow Analysis Tool},
  booktitle = {SIGAda'04, Atlanta, Georgia},
  pages = 	 {39--46},
  year = 	 {2004},
  month = 	 NOV,
  organization = {ACM}
}

@Article{ Ber+Car:TOPLAS-1985,
  author = 	 {Jean-Francois Bergeretti and Bernard A. Carr{\'{e}}},
  title = 	 {Information-flow and Data-flow Analysis of While-Programs},
  journal = 	 {ACM TOPLAS},
  year = 	 {1985},
  volume = 	 {7},
  number = 	 {1},
  pages = 	 {37--61},
  month = 	 JAN
}

@InProceedings{ Ter+Aik:SAS-2005,
  author = 	 {Tachio Terauchi and Alexander Aiken},
  title = 	 {Secure Information Flow as a Safety Problem},
  booktitle = 	 {12th Static Analysis Symposium},
  pages = 	 {352--367},
  year = 	 {2005},
  volume = 	 {3672},
  series = 	 {LNCS},
  publisher = {Springer}
}

@InCollection{Cohen:FSC-1978,
  author = 	 {Ellis S. Cohen},
  title = 	 {Information Transmission in Sequential Programs},
  booktitle = 	 {Foundations of Secure Computation},
  pages = 	 {297--335},
  publisher = {Academic Press},
  year = 	 {1978},
}

@Article{Vol+Smi+Irv:JCS-1996,
  author = 	 {Dennis Volpano and Geoffrey Smith and Cynthia Irvine},
  title = 	 {A Sound Type System for Secure Flow Analysis},
  journal = 	 {Journal of Computer Security},
  year = 	 {1996},
  volume = 	 {4},
  number = 	 {3},
  pages = 	 {167--188}
}

@InProceedings{Myers:POPL-1999,
  author = 	 {Andrew C. Myers},
  title = 	 {{JF}low: Practical Mostly-Static Information Flow Control},
  booktitle = 	 {POPL'99, San Antonio, Texas},
  pages = 	 {228--241},
  year = 	 {1999},
  publisher =    {{ACM} {P}ress}
}

@InProceedings{Rossebo-al:SSE-2006,
  author = 	 {Bryan Rossebo and Paul Oman and Jim Alves-Foss and 
                 Ryan Blue and Paul Jaszkowiak},
  title = 	 {Using {SPARK}-{A}da to Model and Verify a {MILS} Message Router},
  booktitle = 	 {Proceedings of the International Symposium on
                  Secure Software Engineering},
  year = 	 {2006}
}

@InProceedings{Nau:ESORICS-2006,
  author = 	 {David A. Naumann},
  title = 	 {From Coupling Relations to Mated Invariants for Checking Information Flow},
  booktitle = 	 {11th European Symposium on Research in Computer Security (ESORICS'06)},
  pages = 	 {279--296},
  year = 	 {2006},
  editor = 	 {Dieter Gollmann and Jan Meier and Andrei Sabelfeld},
  volume = 	 {4189},
  series = 	 {LNCS},
  publisher = {Springer}
}



@Article{Ban+Nau:JFP-2005,
  author = 	 {Anindya Banerjee and David A. Naumann},
  title = 	 {Stack-based Access Control and Secure Information Flow},
  journal = 	 {Journal of Functional Programming},
  year = 	 {2005},
  volume = 	 {2},
  number = 	 {15},
  pages = 	 {131--177},
  month = 	 MAR
}

@InProceedings{ Dar+Hah+San:SPC-2005,
  author = 	 {Ad\'{a}m Darvas and Reiner H\"{a}hnle and David Sands},
  title = 	 {A Theorem Proving Approach to Analysis of Secure Information Flow},
  booktitle = {2nd International Conference on Security in Pervasive Computing (SPC 2005)},
  pages = 	 {193--209},
  year = 	 {2005},
  volume = 	 {3450},
  series = 	 {LNCS},
  publisher = {Springer}
}

@InProceedings{Bar+DAr+Rez:CSFW-2004,
  author = 	 {Gilles Barthe and Pedro D'Argenio and Tamara Rezk},
  title = 	 {Secure Information Flow by Self-Composition},
  booktitle = {CSFW'04},
  pages = 	 {100--114},
  year = 	 {2004},
  editor = 	 {R. Foccardi},
  publisher = {IEEE Press}
}

@Article{ Sne+etal:ToSEaM:2006,
  author = 	 {Gregor Snelting and Torsten Robschink and Jens Krinke},
  title = 	 {Efficient Path Conditions in Dependence Graphs for Software Safety Analysis},
  journal = 	 {ACM TOSEM},
  year = 	 {2006},
  volume = 	 {15},
  number = 	 {4},
  pages = 	 {410--457},
  month = 	 OCT
}

@InProceedings{ Sim:FlowCaml-2003,
  author = 	 {Vincent Simonet},
  title = 	 {Flow {C}aml in a Nutshell},
  booktitle = 	 {First APPSEM-II workshop},
  pages = 	 {152--165},
  year = 	 {2003},
  editor = 	 {Graham Hutton},
  month = 	 MAR
}

@Book{Barnes:Book03,
  author = 	 {John Barnes},
  title = 	 {High Integrity Software -- the {SPARK} Approach to Safety and Security},
  publisher = 	 {Addison-Wesley},
  year = 	 {2003}
}

@Article{Burdy-al:STTT05,
  key =          {Burdy, {\it et al.}},
  author = 	 {Lilian Burdy and Yoonsik Cheon and David R. Cok and Michael D. Ernst and Joseph R. Kiniry and Gary T. Leavens and K. Rustan M. Leino and Erik Poll},
  title = 	 {An Overview of {JML} Tools and Applications},
  journal = 	 {International Journal on Software Tools 
                  for Technology Transfer (STTT)},
  volume =       7,
  number =       3,
  month =        JUN,
  year = 	 {2005},
  publisher =    {Springer},
  pages =        {212--232}
}

@InProceedings{Henzinger-al:SPIN03,
  author = 	 {Thomas A. Henzinger and Ranjit Jhala and Rupak Majumdar and Gregoire Sutre},
  title = 	 {Software Verification with {B}last},
  booktitle = {10th SPIN Workshop},
  pages = 	 {235--239},
  year = 	 {2003},
  volume = 	 {2648},
  series = 	 {LNCS},
  publisher = {Springer}
}

@InProceedings{Rushby:SOSP81,
  author = 	 {John Rushby},
  title = 	 {The Design and Verification of Secure Systems},
  booktitle = 	 {8th {ACM} Symposium on Operating Systems Principles},
  pages = 	 {12--21},
  year = 	 {1981},
  OPTeditor = 	 {},
  volume = 	 {15(5)}
}

@misc{Sireum:URL,
  key = {ZZZSireum},
  howpublished = {\url{http://www.sireum.org}},
  title = {{Sireum} Website},
}

@misc{Spark:URL,
  key = {ZZZSpark},
  howpublished = {\url{http://www.altran-praxis.com/spark.aspx}},
  title = {{Altran-Praxis Spark} Website},
}

@misc{Victor:URL,
  key = {ZZZVictor},
  howpublished = {\url{http://homepages.inf.ed.ac.uk/pbj/spark/victor.html}},
  title = {{Victor} Website},
}

@misc{Frama-C:URL,
  key = {FramaC},
  howpublished = {\url{http://frama-c.com/}},
  title = {{Frama-C} Website},
}

@inproceedings{Barrett-Tinelli:CAV07,
    author = {Clark Barrett and Cesare Tinelli},
    booktitle = {19th International Conference on Computer Aided Verification (CAV)},
    pages = {298--302},
    publisher = {Springer},
    series = {Lecture Notes in Computer Science},
    title = {{CVC3}},
    volume = {4590},
    year = {2007},
    blametag = {William Deng}
}

@misc{Yices,
    author = {Dutertre, B. and de Moura, L.},
    howpublished = {Tool paper at http://yices.csl.sri.com/\-tool-paper.pdf},
    month = {August},
    title = {The {Yices} {SMT} solver},
    year = {2006}
}

@inproceedings{Moura-Bjorner:TACAS08,
    author = {Leonardo Mendon\c{c}a de Moura and Nikolaj Bj{\o}rner},
    booktitle = {Tools and Algorithms for the Construction and Analysis of Systems (TACAS)},
    pages = {337-340},
    publisher = {Springer},
    series = {Lecture Notes in Computer Science},
    title = {{Z3}: An Efficient {SMT} Solver},
    volume = {4963},
    year = {2008}
}

@inproceedings{Tillmann-Halleux:TAP08,
    author = {Nikolai Tillmann and Jonathan de Halleux},
    booktitle = {2nd International Conference on Tests and Proofs (TAP)},
    pages = {134--153},
    publisher = {Springer},
    series = {Lecture Notes in Computer Science},
    title = {Pex--White Box Test Generation for {.NET}},
    volume = {4966},
    year = {2008},
    blametag = {William Deng}
}

@article{Hantler-King:CSUR76,
    author = {Sidney L. Hantler and James C. King},
    journal = {ACM Computing Surveys (CSUR)},
    month = {September},
    number = {3},
    pages = {331--353},
    title = {An Introduction to Proving the Correctness of Programs},
    volume = {8},
    year = {1976},
    blametag = {William Deng}
}

@techreport{Deng-al:SAnToS-TR2009-09-25,
    author = {Xianghua Deng and Jooyong Lee and Robby},
    institution = {Kansas State University},
    month = {September},
    number = {SAnToS-TR2009-09-25},
    title = {Efficient Symbolic Execution Algorithms for Programs Manipulating Dynamic Heap Objects},
    year = {2009},
    blametag = {William Deng}
}

@techreport{Deng-al:SAnToS-TR2010-08-20,
    author = {Xianghua Deng and Ronald Walker and Robby},
    institution = {Kansas State University},
    number = {SAnToS-TR2010-08-20},
    title = {Program Behavioral Benchmarks for Evaluating Path-Sensitive Bounded Verification Techniques},
    year = {2010},
    blametag = {william}
}

@book{Kroening-Strichman:Book08,
    author = {Daniel Kroening and Ofer Strichman},
    publisher = {Springer},
    title = {Decision Procedures -- An Algorithmic Point of View},
    year = {2008}
}

@inproceedings{Cadar-al:OSDI08,
  author    = {Cristian Cadar and
               Daniel Dunbar and
               Dawson R. Engler},
  title     = {KLEE: Unassisted and Automatic Generation of High-Coverage
               Tests for Complex Systems Programs},
  booktitle = {8th USENIX Symposium on Operating Systems Design and Implementation (OSDI)},
  year      = {2008},
  pages     = {209-224},
  publisher = {USENIX Association}
}

@inproceedings{Amtoft-al:FM08,
  author    = {Torben Amtoft and
               John Hatcliff and
               Edwin Rodr\'{\i}guez and
               Robby and
               Jonathan Hoag and
               David Greve},
  title     = {Specification and Checking of Software Contracts for Conditional
               Information Flow},
  booktitle = {15th International Symposium on
               Formal Methods (FM)},
  publisher = {Springer},
  year      = {2008},
  pages     = {229-245}
}

@techreport{Belt-al:SAnToS-TR2011-01-10,
    author = {Jason Belt and Robby and Patrice Chalin and John Hatcliff and Xianghua Deng},
    institution = {Kansas State University},
    number = {SAnToS-TR2011-01-10},
    title = {Efficient Symbolic Execution of Programs for Critical Systems},
    year = {2011}
}

@techreport{Belt-al:SAnToS-TR2011-01-03,
    author = {Jason Belt and John Hatcliff and Robby and Patrice Chalin and David Hardin and Xianghua Deng},
    institution = {Kansas State University},
    number = {SAnToS-TR2011-01-03},
    title = {{Bakar Kiasan}: Flexible Contract Checking for Critical Systems using Symbolic Execution},
    year = {2011},
    note = {(available at: \url{http://people.cis.ksu.edu/\~belt/SAnToS-TR2011-01-03.pdf})}
}

@misc{Belt-al:SAnToS-TR2011-01-03_src:URL,
    howpublished = {\url{http://people.cis.ksu.edu/~belt/BakarKiasan/Examples/}},
    blametag = {Belt}
}

@inproceedings{Leino-al:APLAS05,
  author    = {K. Rustan M. Leino and
               Francesco Logozzo},
  title     = {Loop Invariants on Demand},
  booktitle = {APLAS},
  year      = {2005},
  pages     = {119-134},
  ee        = {http://dx.doi.org/10.1007/11575467_9},
  crossref  = {APLAS2005},
  bibsource = {DBLP, http://dblp.uni-trier.de}
}

@proceedings{APLAS2005,
  editor    = {Kwangkeun Yi},
  title     = {Third Asian Symposium on Programming Languages and Systems
               (APLAS)},
  booktitle = {APLAS},
  publisher = {Springer},
  series    = {Lecture Notes in Computer Science},
  volume    = {3780},
  year      = {2005},
  isbn      = {3-540-29735-9},
  bibsource = {DBLP, http://dblp.uni-trier.de}
}

@article{Chang-al:ENTCS05,
  author    = {Bor-Yuh Evan Chang and
               K. Rustan M. Leino},
  title     = {Inferring Object Invariants: Extended Abstract},
  journal   = {Electr. Notes Theor. Comput. Sci.},
  volume    = {131},
  year      = {2005},
  pages     = {63-74},
  ee        = {http://dx.doi.org/10.1016/j.entcs.2005.01.023},
  bibsource = {DBLP, http://dblp.uni-trier.de}
}
