@inproceedings{hiliteERTS2012,
  author =       {Cyrille Comar and Johannes Kanig and Yannick Moy},
  title =        {Integrating Formal Program Verification with Testing},
  booktitle =    {Proc. Embedded Real Time Software and Systems},
  year =         2012,
  address =      {Toulouse},
  month =        Feb
}

@ARTICLE{Hoare03theverifying,
    author = {Tony Hoare},
    title = {The Verifying Compiler: A Grand Challenge for Computing Research},
    journal = {Journal of the ACM},
    year = {2003},
    volume = {50},
    pages = {2003}
}

@Book{sparkbook2012,
   author =        {John Barnes},
   title =         {SPARK: The Proven Approach to High Integrity Software},
   isbn          = {9780957290501},
   publisher     = {Altran Praxis},
   year          = {2012}
}

@InCollection{oneill2012,
  author = 	 {Ian O'Neill},
  editor = 	 {Jean-Louis Boulanger},
  booktitle = 	 {Industrial Use of Formal Methods: Formal Verification},
  title = 	 {SPARK -- A Language and Tool-Set for High-Integrity Software Development},
  isbn =         {9781848213630},
  publisher = 	 {Wiley},
  year = 	 {2012}
}

@article{HatcliffLLMP12,
  author    = {John Hatcliff and
               Gary T. Leavens and
               K. Rustan M. Leino and
               Peter M{\"u}ller and
               Matthew J. Parkinson},
  title     = {Behavioral interface specification languages},
  journal   = {ACM Comput. Surv.},
  volume    = {44},
  number    = {3},
  year      = {2012},
  pages     = {16},
  ee        = {http://doi.acm.org/10.1145/2187671.2187678},
  bibsource = {DBLP, http://dblp.uni-trier.de}
}

@inproceedings{ksd2012,
 author = {Kanig, Johannes and Schonberg, Edmond and Dross, Claire},
 title = {Hi-Lite: the convergence of compiler technology and program verification},
 booktitle = {Proceedings of the 2012 ACM conference on High integrity language technology},
 series = {HILT '12},
 year = {2012},
 isbn = {978-1-4503-1505-0},
 location = {Boston, Massachusetts, USA},
 pages = {27--34},
 numpages = {8},
 url = {http://doi.acm.org/10.1145/2402676.2402690},
 doi = {10.1145/2402676.2402690},
 acmid = {2402690},
 publisher = {ACM},
 address = {New York, NY, USA},
 keywords = {compiler technology, formal verification, testing},
}

@inproceedings{why3,
 author = {Fran\c{c}cois Bobot and Jean-Christophe Filli\^{a}tre and Adrei
    Paskevich and Claude March\'{e}},
 title = {Why3: Shepherd Your Herd of Provers},
 booktitle = {Proceedings of the First International Workshop on Intermediate
 Verification Languages, Boogie},
 year = {2011},
 location = {Wroclaw, Poland},
}

@InProceedings{altergo,
  author = 	 {Fran\c{c}ois Bobot and Sylvain Conchon and \'Evelyne Contejean
  and St\'ephane Lescuyer},
  title = 	 {Implementing Polymorphism in {SMT} solvers},
  booktitle =	 {SMT'08},
  pages = {1--5},
  year =	 2008,
  volume = 367,
  series = {ACM ICPS},
}

@inproceedings{guitton2011boogie,
 title={Why {H}i-{L}ite {A}da?},
 author={Jérôme Guitton and Johannes Kanig and Yannick Moy},
 month = aug,
 year = {2011},
 booktitle = {Proceedings of Boogie 2011, the 1st International Workshop on
                  Intermediate Language Verification},
 location = {Wrocław, Poland},
}

@article{leino2005ipl,
 author = {Leino, K. Rustan M.},
 title = {Efficient weakest preconditions},
 journal = {Inf. Process. Lett.},
 issue_date = {31 March 2005},
 volume = {93},
 number = {6},
 month = mar,
 year = {2005},
 issn = {0020-0190},
 pages = {281--288},
 numpages = {8},
 url = {http://dx.doi.org/10.1016/j.ipl.2004.10.015},
 doi = {10.1016/j.ipl.2004.10.015},
 acmid = {1710882},
 publisher = {Elsevier North-Holland, Inc.},
 address = {Amsterdam, The Netherlands, The Netherlands},
 keywords = {Automatic theorem proving, Formal semantics, Program correctness},
}

@inproceedings{dross:2011:tap,
  author = {Claire Dross and Jean-Christophe Filli\^atre and Yannick Moy},
  title = {Correct Code Containing Containers},
  booktitle = {5th International Conference on Tests \& Proofs (TAP'11)},
  year = 2011,
  address = {Zurich},
  month = {June},
}
