@Book{spark,
  author =       {John W. McCormick and Peter C. Chapin},
  title =        {Building High Integrity Applications with SPARK},
  publisher =    {Cambridge University Press},
  year =         {2015},
}

@Misc{lrm,
  author =    {{International Standards Organization}},
  title =     {{ISO IEC 8652:2012}},
  howpublished = {Programming Languages and their Environments -- Programming
                  Language Ada},
  year =      {2012},
}

@incollection{why3,
  title={Why3 - where programs meet provers},
  author={Filli{\^a}tre, Jean-Christophe and Paskevich, Andrei},
  booktitle={Programming Languages and Systems},
  pages={125--128},
  year={2013},
  publisher={Springer}
}

@article{smt,
  title={Satisfiability modulo theories: introduction and applications},
  author={De Moura, Leonardo and Bj{\o}rner, Nikolaj},
  journal={Communications of the ACM},
  volume={54},
  number={9},
  pages={69--77},
  year={2011},
  publisher={ACM}
}

@misc{altergo,
  title={The Alt-Ergo automated theorem prover, 2008},
  author={Bobot, Fran{\c{c}}ois and Conchon, Sylvain and Contejean, E and
                  Iguernelala, Mohamed and Lescuyer, St{\'e}phane and
                  Mebsout, Alain},
  year={2013}
}

@inproceedings{cvc4,
  title={{CVC4}},
  author={Barrett, Clark and Conway, Christopher L and Deters, Morgan and
                  Hadarean, Liana and Jovanovi{\'c}, Dejan and King, Tim
                  and Reynolds, Andrew and Tinelli, Cesare},
  booktitle={Computer aided verification},
  pages={171--177},
  year={2011},
  organization={Springer}
}

@incollection{z3,
  title={Z3: An efficient SMT solver},
  author={De Moura, Leonardo and Bj{\o}rner, Nikolaj},
  booktitle={Tools and Algorithms for the Construction and Analysis of Systems},
  pages={337--340},
  year={2008},
  publisher={Springer}
}

@book{mccormick2011building,
  title={Building parallel, embedded, and real-time applications with Ada},
  author={McCormick, John W and Singhoff, Frank and Hugues, J{\'e}r{\^o}me},
  year={2011},
  publisher={Cambridge University Press}
}

@inproceedings{engler2003racerx,
  title={RacerX: effective, static detection of race conditions and deadlocks},
  author={Engler, Dawson and Ashcraft, Ken},
  booktitle={ACM SIGOPS Operating Systems Review},
  volume={37},
  number={5},
  pages={237--252},
  year={2003},
  organization={ACM}
}

@inproceedings{yu2005racetrack,
  title={Racetrack: efficient detection of data race conditions via
                  adaptive tracking},
  author={Yu, Yuan and Rodeheffer, Tom and Chen, Wei},
  booktitle={ACM SIGOPS Operating Systems Review},
  volume={39},
  number={5},
  pages={221--234},
  year={2005},
  organization={ACM}
}

@Manual{ravenspark,
  title =        {The SPARK Ravenscar Profile},
  organization = {Altran UK Limited},
  month =     {April},
  year =      {2004},
}

@inproceedings{parallelada,
  title={Safe Parallel Programming in Ada with Language Extensions},
  author={Moore, Brad and Pinho, Luis Miguel and Michell, Stephen and Taft,
                  Tucker},
  booktitle={High Integrity Language Technology ACM SIGAdaâ€™s Annual
                  International Conference},
  year={2014}
}
