@inproceedings{hiliteERTS2012,
  author =       {Cyrille Comar and Johannes Kanig and Yannick Moy},
  title =        {Integrating Formal Program Verification with Testing},
  booktitle =    {Proc. Embedded Real Time Software and Systems},
  year =         2012,
  address =      {Toulouse},
  month =        Feb
}
