@article{Simplify,
  author    = {David Detlefs and
               Greg Nelson and
               James B. Saxe},
  title     = {Simplify: a theorem prover for program checking.},
  journal   = {J. ACM},
  volume    = {52},
  number    = {3},
  year      = {2005},
  pages     = {365-473},
  ee        = {http://doi.acm.org/10.1145/1066100.1066102},
  bibsource = {DBLP, http://dblp.uni-trier.de}
}

@article{moskal-2009,
  author    = {Michal Moskal},
  title     = {Programming with Triggers},
  journal   = {Proceedings of the 7th International Workshop on Satisfiability Modulo Theories},
  year      = {2009},
  pages     = {20-29}
}

@phdthesis{Ge-2010,
  author    = {Yelting Ge},
  title     = {Solving Quantified First Order Formulas in Satisfiability Modulo Theories},
  school    = {New York University},
  year      = {2010}
}