@Inbook{Boogie,
author="Barnett, Mike
and Chang, Bor-Yuh Evan
and DeLine, Robert
and Jacobs, Bart
and Leino, K. Rustan M.",
editor="de Boer, Frank S.
and Bonsangue, Marcello M.
and Graf, Susanne
and de Roever, Willem-Paul",
title="Boogie: A Modular Reusable Verifier for Object-Oriented Programs",
bookTitle="Formal Methods for Components and Objects: 4th International Symposium, FMCO 2005, Amsterdam, The Netherlands, November 1-4, 2005, Revised Lectures",
year="2006",
publisher="Springer Berlin Heidelberg",
address="Berlin, Heidelberg",
pages="364--387",
abstract="A program verifier is a complex system that uses compiler technology, program semantics, property inference, verification-condition generation, automatic decision procedures, and a user interface. This paper describes the architecture of a state-of-the-art program verifier for object-oriented programs.",
isbn="978-3-540-36750-5",
doi="10.1007/11804192_17",
url="https://doi.org/10.1007/11804192_17"
}

@inproceedings{Balasubramanian17,
  author    = {Abhiram Balasubramanian and
               Marek S. Baranowski and
               Anton Burtsev and
               Aurojit Panda and
               Zvonimir Rakamaric and
               Leonid Ryzhyk},
  title     = {System Programming in Rust: Beyond Safety},
  booktitle = {Proceedings of the 16th Workshop on Hot Topics in Operating Systems,
               HotOS 2017, Whistler, BC, Canada, May 8-10, 2017},
  pages     = {156--161},
  year      = {2017}
}

@book{ONeill2012,
  title = "SPARK - A Language and Tool-Set for High-Integrity Software Development",
  author = "Ian O'Neill",
  publisher = "Industrial Use of Formal Methods: Formal Verification",
  year = "2012"
}

@book{McCormick2015,
  title = "Building High Integrity Applications with SPARK",
  author = "John W. McCormick and Peter C. Chapin",
  publisher = " Cambridge University Press ",
  year = "2015"
}

@inproceedings{Reynolds02,
  author    = {John C. Reynolds},
  title     = {Separation Logic: {A} Logic for Shared Mutable Data Structures},
  booktitle = {17th {IEEE} Symposium on Logic in Computer Science {(LICS} 2002),
               22-25 July 2002, Copenhagen, Denmark, Proceedings},
  pages     = {55--74},
  year      = {2002}
}

@incollection{OHearn12,
  author    = {Peter W. O'Hearn},
  title     = {A Primer on Separation Logic (and Automatic Program Verification and
               Analysis)},
  booktitle = {Software Safety and Security - Tools for Analysis and Verification},
  pages     = {286--318},
  year      = {2012}
}

@online{AdaCoreThalesSPARK,
  author = {AdaCore and Thales},
  title  = {Implementation Guidance for the Adoption of {SPARK}},
  url = {https://www.adacore.com/books/implementation-guidance-spark}
}


@online{AI2017,
  author = {AdaCore},
  title = {Access value ownership and parameter aliasing},
  year = 2017,
  url = {http://www.ada-auth.org/cgi-bin/cvsweb.cgi/ai12s/ai12-0240-1.txt?rev=1.3},
  urldate = {2017-10-09}
}

@inproceedings{Grossman2002,
  author    = {Dan Grossman and
               J. Gregory Morrisett and
               Trevor Jim and
               Michael W. Hicks and
               Yanling Wang and
               James Cheney},
  title     = {Region-Based Memory Management in Cyclone},
  booktitle = {Proceedings of the 2002 {ACM} {SIGPLAN} Conference on Programming
               Language Design and Implementation (PLDI), Berlin, Germany, June 17-19,
               2002},
  pages     = {282--293},
  year      = {2002}
}

@inproceedings{Leino10,
  author    = {K. Rustan M. Leino},
  title     = {Dafny: An Automatic Program Verifier for Functional Correctness},
  booktitle = {Logic for Programming, Artificial Intelligence, and Reasoning - 16th
               International Conference, LPAR-16, Dakar, Senegal, April 25-May 1,
               2010, Revised Selected Papers},
  pages     = {348--370},
  year      = {2010}
}

